<?xml version="1.0" encoding="UTF-8"?>
<!DOCTYPE html PUBLIC "-//W3C//DTD XHTML 1.0 Transitional//EN"
    "http://www.w3.org/TR/xhtml1/DTD/xhtml1-transitional.dtd">
<html xmlns="http://www.w3.org/1999/xhtml" xml:lang="en" lang="en">
 <head>
  <title>
</title>
<meta http-equiv="Content-Type" content="text/html;charset=utf-8" />
  <meta name='ocr-system' content='tesseract 3.04.00' />
  <meta name='ocr-capabilities' content='ocr_page ocr_carea ocr_par ocr_line ocrx_word'/>
</head>
<body>
  <div class='ocr_page' id='page_1' title='image "./deconiurationec00wirzgoog_0169.png"; bbox 0 0 2738 4576; ppageno 0'>
   <div class='ocr_carea' id='block_1_1' title="bbox 254 266 943 328">
    <p class='ocr_par' dir='ltr' id='par_1_1' title="bbox 254 266 943 328">
     <span class='ocr_line' id='line_1_1' title="bbox 254 266 943 328; baseline -0.012 0"><span class='ocrx_word' id='word_1_1' title='bbox 254 266 315 328; x_wconf 80' lang='grc'>158</span> <span class='ocrx_word' id='word_1_2' title='bbox 621 269 647 322; x_wconf 87' lang='lat' dir='ltr'>G.</span> <span class='ocrx_word' id='word_1_3' title='bbox 666 267 822 322; x_wconf 81' lang='lat' dir='ltr'><strong>SALLUSTI</strong></span> <span class='ocrx_word' id='word_1_4' title='bbox 839 267 943 322; x_wconf 77' lang='lat' dir='ltr'>catsrl</span> 
     </span>
    </p>
   </div>
   <div class='ocr_carea' id='block_1_2' title="bbox 197 443 1325 2570">
    <p class='ocr_par' dir='ltr' id='par_1_2' title="bbox 250 443 1325 694">
     <span class='ocr_line' id='line_1_2' title="bbox 251 443 1325 526; baseline 0 -20"><span class='ocrx_word' id='word_1_5' title='bbox 251 453 328 519; x_wconf 90' lang='lat' dir='ltr'>erat,</span> <span class='ocrx_word' id='word_1_6' title='bbox 345 462 443 523; x_wconf 91' lang='lat' dir='ltr'>neque</span> <span class='ocrx_word' id='word_1_7' title='bbox 457 452 525 524; x_wconf 90' lang='lat' dir='ltr'>post</span> <span class='ocrx_word' id='word_1_8' title='bbox 539 443 658 505; x_wconf 90' lang='lat' dir='ltr'>iusidias</span> <span class='ocrx_word' id='word_1_9' title='bbox 676 443 837 522; x_wconf 79' lang='lat' dir='ltr'>Iugurthae</span> <span class='ocrx_word' id='word_1_10' title='bbox 852 444 947 505; x_wconf 82' lang='lat' dir='ltr'>effuso</span> <span class='ocrx_word' id='word_1_11' title='bbox 963 445 1094 507; x_wconf 81' lang='lat' dir='ltr'>exercitu</span> <span class='ocrx_word' id='word_1_12' title='bbox 1107 446 1265 526; x_wconf 89' lang='lat' dir='ltr'>praedari;</span> <span class='ocrx_word' id='word_1_13' title='bbox 1281 447 1325 508; x_wconf 92' lang='lat' dir='ltr'>ubi</span> 
     </span>
     <span class='ocr_line' id='line_1_3' title="bbox 250 529 1325 612; baseline 0.002 -21"><span class='ocrx_word' id='word_1_14' title='bbox 250 532 401 592; x_wconf 81' lang='lat' dir='ltr'>frumento</span> <span class='ocrx_word' id='word_1_15' title='bbox 413 539 463 590; x_wconf 90' lang='lat' dir='ltr'>aut</span> <span class='ocrx_word' id='word_1_16' title='bbox 473 529 582 610; x_wconf 89' lang='lat' dir='ltr'>pabulo</span> <span class='ocrx_word' id='word_1_17' title='bbox 595 547 671 608; x_wconf 88' lang='lat' dir='ltr'>opus</span> <span class='ocrx_word' id='word_1_18' title='bbox 682 536 753 602; x_wconf 89' lang='lat' dir='ltr'>erat,</span> <span class='ocrx_word' id='word_1_19' title='bbox 770 530 908 590; x_wconf 78' lang='lat' dir='ltr'><strong>cohortes</strong></span> <span class='ocrx_word' id='word_1_20' title='bbox 919 548 987 590; x_wconf 89' lang='lat' dir='ltr'>cum</span> <span class='ocrx_word' id='word_1_21' title='bbox 1000 530 1081 591; x_wconf 91' lang='lat' dir='ltr'>omni</span> <span class='ocrx_word' id='word_1_22' title='bbox 1094 532 1231 610; x_wconf 88' lang='lat' dir='ltr'>equitatu</span> <span class='ocrx_word' id='word_1_23' title='bbox 1242 551 1325 612; x_wconf 88' lang='lat' dir='ltr'>prae·</span> 
     </span>
     <span class='ocr_line' id='line_1_4' title="bbox 251 614 1323 694; baseline -0.002 -16"><span class='ocrx_word' id='word_1_24' title='bbox 251 616 358 678; x_wconf 91' lang='lat' dir='ltr'>sidium</span> <span class='ocrx_word' id='word_1_25' title='bbox 369 615 532 694; x_wconf 88' lang='lat' dir='ltr'>agitabant;</span> <span class='ocrx_word' id='word_1_26' title='bbox 549 614 820 694; x_wconf 83' lang='lat' dir='ltr'>exercituspartom</span> <span class='ocrx_word' id='word_1_27' title='bbox 835 614 907 694; x_wconf 89' lang='lat' dir='ltr'>ipse,</span> <span class='ocrx_word' id='word_1_28' title='bbox 923 614 1054 694; x_wconf 87' lang='lat' dir='ltr'>reliquos</span> <span class='ocrx_word' id='word_1_29' title='bbox 1065 616 1176 678; x_wconf 86' lang='lat' dir='ltr'>Marius</span> <span class='ocrx_word' id='word_1_30' title='bbox 1189 617 1323 678; x_wconf 91' lang='lat' dir='ltr'>ducebat.</span> 
     </span>
    </p>

    <p class='ocr_par' dir='ltr' id='par_1_3' title="bbox 199 699 1322 780">
     <span class='ocr_line' id='line_1_5' title="bbox 199 699 1322 780; baseline 0.002 -20"><span class='ocrx_word' id='word_1_31' title='bbox 199 711 242 762; x_wconf 68' lang='lat' dir='ltr'>ut</span> <span class='ocrx_word' id='word_1_32' title='bbox 253 701 309 762; x_wconf 86' lang='lat' dir='ltr'>Sed</span> <span class='ocrx_word' id='word_1_33' title='bbox 325 701 387 779; x_wconf 85' lang='lat' dir='ltr'>igni</span> <span class='ocrx_word' id='word_1_34' title='bbox 402 700 495 780; x_wconf 87' lang='lat' dir='ltr'>magis</span> <span class='ocrx_word' id='word_1_35' title='bbox 510 718 599 779; x_wconf 88' lang='lat' dir='ltr'>quam</span> <span class='ocrx_word' id='word_1_36' title='bbox 614 699 722 778; x_wconf 89' lang='lat' dir='ltr'>pracda</span> <span class='ocrx_word' id='word_1_37' title='bbox 737 718 808 779; x_wconf 87' lang='lat' dir='ltr'>ager</span> <span class='ocrx_word' id='word_1_38' title='bbox 823 700 1001 762; x_wconf 77' lang='lat' dir='ltr'><strong>vastabatur.</strong></span> <span class='ocrx_word' id='word_1_39' title='bbox 1031 701 1144 762; x_wconf 88' lang='lat' dir='ltr'>Duohis</span> <span class='ocrx_word' id='word_1_40' title='bbox 1158 702 1235 764; x_wconf 87' lang='lat' dir='ltr'>locis</span> <span class='ocrx_word' id='word_1_41' title='bbox 1252 702 1322 764; x_wconf 92' lang='lat' dir='ltr'>haud</span> 
     </span>
    </p>

    <p class='ocr_par' dir='ltr' id='par_1_4' title="bbox 214 783 1322 952">
     <span class='ocr_line' id='line_1_6' title="bbox 214 783 1322 866; baseline 0 -19"><span class='ocrx_word' id='word_1_42' title='bbox 214 799 227 847; x_wconf 79' lang='lat' dir='ltr'>t</span> <span class='ocrx_word' id='word_1_43' title='bbox 249 787 339 866; x_wconf 89' lang='lat' dir='ltr'>longe</span> <span class='ocrx_word' id='word_1_44' title='bbox 354 787 433 848; x_wconf 88' lang='lat' dir='ltr'>inter</span> <span class='ocrx_word' id='word_1_45' title='bbox 448 804 479 846; x_wconf 92' lang='lat' dir='ltr'>se</span> <span class='ocrx_word' id='word_1_46' title='bbox 494 792 591 846; x_wconf 90' lang='lat' dir='ltr'>castra</span> <span class='ocrx_word' id='word_1_47' title='bbox 604 783 766 861; x_wconf 81' lang='lat' dir='ltr'>iaciebant3</span> <span class='ocrx_word' id='word_1_48' title='bbox 782 784 834 846; x_wconf 91' lang='lat' dir='ltr'>ubi</span> <span class='ocrx_word' id='word_1_49' title='bbox 848 786 876 847; x_wconf 92' lang='lat' dir='ltr'>vi</span> <span class='ocrx_word' id='word_1_50' title='bbox 892 804 967 865; x_wconf 92' lang='lat' dir='ltr'>opus</span> <span class='ocrx_word' id='word_1_51' title='bbox 982 794 1054 861; x_wconf 86' lang='lat' dir='ltr'>erat,</span> <span class='ocrx_word' id='word_1_52' title='bbox 1070 787 1171 849; x_wconf 90' lang='lat' dir='ltr'>cuncti</span> <span class='ocrx_word' id='word_1_53' title='bbox 1186 787 1322 862; x_wconf 67' lang='lat' dir='ltr'>aderant:</span> 
     </span>
     <span class='ocr_line' id='line_1_7' title="bbox 251 870 1321 952; baseline -0.004 -18"><span class='ocrx_word' id='word_1_54' title='bbox 251 882 390 946; x_wconf 88' lang='lat' dir='ltr'>ceterum,</span> <span class='ocrx_word' id='word_1_55' title='bbox 407 890 467 949; x_wconf 86' lang='lat' dir='ltr'>quo</span> <span class='ocrx_word' id='word_1_56' title='bbox 478 871 550 950; x_wconf 73' lang='lat' dir='ltr'>suga.</span> <span class='ocrx_word' id='word_1_57' title='bbox 558 878 647 948; x_wconf 91' lang='lat' dir='ltr'>atque</span> <span class='ocrx_word' id='word_1_58' title='bbox 658 870 784 932; x_wconf 81' lang='lat' dir='ltr'>formido</span> <span class='ocrx_word' id='word_1_59' title='bbox 795 871 882 932; x_wconf 90' lang='lat' dir='ltr'>latius</span> <span class='ocrx_word' id='word_1_60' title='bbox 897 879 1053 944; x_wconf 81' lang='lat' dir='ltr'>cresceret,</span> <span class='ocrx_word' id='word_1_61' title='bbox 1065 872 1173 934; x_wconf 85' lang='lat' dir='ltr'>divorsi</span> <span class='ocrx_word' id='word_1_62' title='bbox 1187 873 1321 952; x_wconf 87' lang='lat' dir='ltr'>agebant.</span> 
     </span>
    </p>

    <p class='ocr_par' dir='ltr' id='par_1_5' title="bbox 213 955 1321 1528">
     <span class='ocr_line' id='line_1_8' title="bbox 213 955 1321 1038; baseline 0 -20"><span class='ocrx_word' id='word_1_63' title='bbox 213 967 227 1018; x_wconf 86' lang='lat'>8</span> <span class='ocrx_word' id='word_1_64' title='bbox 248 958 292 1020; x_wconf 90' lang='lat' dir='ltr'>Eo</span> <span class='ocrx_word' id='word_1_65' title='bbox 309 967 445 1036; x_wconf 90' lang='lat' dir='ltr'>tempore</span> <span class='ocrx_word' id='word_1_66' title='bbox 460 955 602 1034; x_wconf 82' lang='lat' dir='ltr'>Iugurtha</span> <span class='ocrx_word' id='word_1_67' title='bbox 616 973 671 1034; x_wconf 92' lang='lat' dir='ltr'>per</span> <span class='ocrx_word' id='word_1_68' title='bbox 685 955 768 1017; x_wconf 91' lang='lat' dir='ltr'>collis</span> <span class='ocrx_word' id='word_1_69' title='bbox 783 957 876 1036; x_wconf 83' lang='lat' dir='ltr'>sequi,</span> <span class='ocrx_word' id='word_1_70' title='bbox 892 965 1010 1036; x_wconf 87' lang='lat' dir='ltr'>tempus</span> <span class='ocrx_word' id='word_1_71' title='bbox 1025 965 1075 1018; x_wconf 91' lang='lat' dir='ltr'>aut</span> <span class='ocrx_word' id='word_1_72' title='bbox 1089 958 1191 1019; x_wconf 89' lang='lat' dir='ltr'>locum</span> <span class='ocrx_word' id='word_1_73' title='bbox 1206 976 1321 1038; x_wconf 81' lang='lat' dir='ltr'>pugnae</span> 
     </span>
     <span class='ocr_line' id='line_1_9' title="bbox 249 1041 1320 1122; baseline 0 -18"><span class='ocrx_word' id='word_1_74' title='bbox 249 1059 410 1122; x_wconf 83' lang='lat' dir='ltr'>quaerere3</span> <span class='ocrx_word' id='word_1_75' title='bbox 425 1059 483 1118; x_wconf 88' lang='lat' dir='ltr'>qua</span> <span class='ocrx_word' id='word_1_76' title='bbox 497 1049 654 1102; x_wconf 89' lang='lat' dir='ltr'>venturum</span> <span class='ocrx_word' id='word_1_77' title='bbox 669 1041 786 1102; x_wconf 81' lang='lat' dir='ltr'>hostem</span> <span class='ocrx_word' id='word_1_78' title='bbox 801 1042 948 1115; x_wconf 88' lang='lat' dir='ltr'>audierat,</span> <span class='ocrx_word' id='word_1_79' title='bbox 963 1042 1106 1121; x_wconf 89' lang='lat' dir='ltr'>pabulum</span> <span class='ocrx_word' id='word_1_80' title='bbox 1127 1050 1158 1103; x_wconf 91' lang='lat' dir='ltr'>et</span> <span class='ocrx_word' id='word_1_81' title='bbox 1179 1062 1320 1122; x_wconf 85' lang='lat' dir='ltr'>aquarum</span> 
     </span>
     <span class='ocr_line' id='line_1_10' title="bbox 249 1127 1321 1207; baseline 0.002 -19"><span class='ocrx_word' id='word_1_82' title='bbox 249 1127 356 1200; x_wconf 87' lang='lat' dir='ltr'>sontis,</span> <span class='ocrx_word' id='word_1_83' title='bbox 372 1144 498 1204; x_wconf 86' lang='lat' dir='ltr'>quorum</span> <span class='ocrx_word' id='word_1_84' title='bbox 514 1127 639 1205; x_wconf 86' lang='lat' dir='ltr'>penuria</span> <span class='ocrx_word' id='word_1_85' title='bbox 658 1134 736 1201; x_wconf 86' lang='lat' dir='ltr'>erat,</span> <span class='ocrx_word' id='word_1_86' title='bbox 751 1144 961 1207; x_wconf 87' lang='lat' dir='ltr'>corrumpere;</span> <span class='ocrx_word' id='word_1_87' title='bbox 983 1128 1072 1188; x_wconf 92' lang='lat' dir='ltr'>modo</span> <span class='ocrx_word' id='word_1_88' title='bbox 1087 1145 1119 1190; x_wconf 87' lang='lat' dir='ltr'>se</span> <span class='ocrx_word' id='word_1_89' title='bbox 1135 1129 1259 1190; x_wconf 88' lang='lat' dir='ltr'>Metello</span> <span class='ocrx_word' id='word_1_90' title='bbox 1283 1130 1321 1190; x_wconf 91' lang='lat' dir='ltr'>iu·</span> 
     </span>
     <span class='ocr_line' id='line_1_11' title="bbox 248 1210 1320 1293; baseline -0.001 -20"><span class='ocrx_word' id='word_1_91' title='bbox 248 1213 364 1273; x_wconf 83' lang='lat' dir='ltr'>tendum</span> <span class='ocrx_word' id='word_1_92' title='bbox 379 1210 471 1271; x_wconf 87' lang='lat' dir='ltr'>Mario</span> <span class='ocrx_word' id='word_1_93' title='bbox 487 1213 658 1286; x_wconf 89' lang='lat' dir='ltr'>ostendere,</span> <span class='ocrx_word' id='word_1_94' title='bbox 674 1221 842 1291; x_wconf 90' lang='lat' dir='ltr'>postremos</span> <span class='ocrx_word' id='word_1_95' title='bbox 857 1213 888 1273; x_wconf 92' lang='lat' dir='ltr'>in</span> <span class='ocrx_word' id='word_1_96' title='bbox 904 1213 1021 1290; x_wconf 89' lang='lat' dir='ltr'>agmine</span> <span class='ocrx_word' id='word_1_97' title='bbox 1041 1221 1187 1293; x_wconf 87' lang='lat' dir='ltr'>temptare</span> <span class='ocrx_word' id='word_1_98' title='bbox 1210 1232 1246 1276; x_wconf 91' lang='lat' dir='ltr'>ac</span> <span class='ocrx_word' id='word_1_99' title='bbox 1270 1222 1320 1276; x_wconf 89' lang='lat' dir='ltr'>sta·</span> 
     </span>
     <span class='ocr_line' id='line_1_12' title="bbox 248 1295 1319 1378; baseline 0.001 -19"><span class='ocrx_word' id='word_1_100' title='bbox 248 1297 302 1359; x_wconf 89' lang='lat' dir='ltr'>tim</span> <span class='ocrx_word' id='word_1_101' title='bbox 317 1297 349 1357; x_wconf 93' lang='lat' dir='ltr'>iu</span> <span class='ocrx_word' id='word_1_102' title='bbox 365 1295 447 1357; x_wconf 81' lang='lat' dir='ltr'>collis</span> <span class='ocrx_word' id='word_1_103' title='bbox 462 1297 587 1375; x_wconf 83' lang='lat' dir='ltr'>regredi,</span> <span class='ocrx_word' id='word_1_104' title='bbox 602 1315 706 1359; x_wconf 89' lang='lat' dir='ltr'>rursus</span> <span class='ocrx_word' id='word_1_105' title='bbox 721 1297 784 1359; x_wconf 90' lang='lat' dir='ltr'>aliis</span> <span class='ocrx_word' id='word_1_106' title='bbox 799 1306 867 1377; x_wconf 90' lang='lat' dir='ltr'>post</span> <span class='ocrx_word' id='word_1_107' title='bbox 881 1297 945 1358; x_wconf 90' lang='lat' dir='ltr'>aliis</span> <span class='ocrx_word' id='word_1_108' title='bbox 960 1298 1104 1374; x_wconf 90' lang='lat' dir='ltr'>minitari;</span> <span class='ocrx_word' id='word_1_109' title='bbox 1120 1317 1221 1378; x_wconf 91' lang='lat' dir='ltr'>neque</span> <span class='ocrx_word' id='word_1_110' title='bbox 1236 1318 1319 1378; x_wconf 81' lang='lat' dir='ltr'>proe</span> 
     </span>
     <span class='ocr_line' id='line_1_13' title="bbox 252 1382 1318 1465; baseline 0.001 -23"><span class='ocrx_word' id='word_1_111' title='bbox 252 1383 324 1443; x_wconf 90' lang='lat' dir='ltr'>lium</span> <span class='ocrx_word' id='word_1_112' title='bbox 339 1382 436 1442; x_wconf 82' lang='lat' dir='ltr'>iacere</span> <span class='ocrx_word' id='word_1_113' title='bbox 452 1400 549 1460; x_wconf 85' lang='lat' dir='ltr'>neque</span> <span class='ocrx_word' id='word_1_114' title='bbox 565 1382 656 1444; x_wconf 88' lang='lat' dir='ltr'>otium</span> <span class='ocrx_word' id='word_1_115' title='bbox 672 1383 749 1462; x_wconf 88' lang='lat' dir='ltr'>pati,</span> <span class='ocrx_word' id='word_1_116' title='bbox 764 1391 879 1444; x_wconf 90' lang='lat' dir='ltr'>tantum</span> <span class='ocrx_word' id='word_1_117' title='bbox 894 1383 983 1444; x_wconf 91' lang='lat' dir='ltr'>modo</span> <span class='ocrx_word' id='word_1_118' title='bbox 1003 1383 1120 1445; x_wconf 83' lang='lat' dir='ltr'>hostem</span> <span class='ocrx_word' id='word_1_119' title='bbox 1142 1383 1179 1444; x_wconf 92' lang='lat' dir='ltr'>ab</span> <span class='ocrx_word' id='word_1_120' title='bbox 1204 1385 1318 1465; x_wconf 88' lang='lat' dir='ltr'>incepto</span> 
     </span>
     <span class='ocr_line' id='line_1_14' title="bbox 252 1467 391 1528; baseline -0.007 -1"><span class='ocrx_word' id='word_1_121' title='bbox 252 1467 391 1528; x_wconf 91' lang='lat' dir='ltr'>retinere.</span> 
     </span>
    </p>

    <p class='ocr_par' dir='ltr' id='par_1_6' title="bbox 197 1551 1317 1888">
     <span class='ocr_line' id='line_1_15' title="bbox 197 1551 1317 1632; baseline 0.004 -23"><span class='ocrx_word' id='word_1_122' title='bbox 197 1553 235 1610; x_wconf 79' lang='lat' dir='ltr'>bd</span> <span class='ocrx_word' id='word_1_123' title='bbox 320 1551 472 1613; x_wconf 87' lang='lat' dir='ltr'>Romanus</span> <span class='ocrx_word' id='word_1_124' title='bbox 487 1551 656 1631; x_wconf 88' lang='lat' dir='ltr'>imperator,</span> <span class='ocrx_word' id='word_1_125' title='bbox 672 1552 723 1613; x_wconf 91' lang='lat' dir='ltr'>ubi</span> <span class='ocrx_word' id='word_1_126' title='bbox 738 1571 770 1614; x_wconf 90' lang='lat' dir='ltr'>se</span> <span class='ocrx_word' id='word_1_127' title='bbox 788 1551 863 1613; x_wconf 92' lang='lat' dir='ltr'>dolis</span> <span class='ocrx_word' id='word_1_128' title='bbox 877 1552 1084 1632; x_wconf 82' lang='lat' dir='ltr'>fatigari&#39;videt</span> <span class='ocrx_word' id='word_1_129' title='bbox 1099 1571 1199 1632; x_wconf 89' lang='lat' dir='ltr'>neque</span> <span class='ocrx_word' id='word_1_130' title='bbox 1217 1553 1254 1614; x_wconf 92' lang='lat' dir='ltr'>ab</span> <span class='ocrx_word' id='word_1_131' title='bbox 1271 1555 1317 1614; x_wconf 91' lang='lat' dir='ltr'>ho·</span> 
     </span>
     <span class='ocr_line' id='line_1_16' title="bbox 249 1637 1316 1718; baseline 0.001 -19"><span class='ocrx_word' id='word_1_132' title='bbox 249 1646 293 1699; x_wconf 91' lang='lat' dir='ltr'>ste</span> <span class='ocrx_word' id='word_1_133' title='bbox 303 1638 417 1718; x_wconf 88' lang='lat' dir='ltr'>copiam</span> <span class='ocrx_word' id='word_1_134' title='bbox 429 1637 583 1717; x_wconf 90' lang='lat' dir='ltr'>pugnandi</span> <span class='ocrx_word' id='word_1_135' title='bbox 597 1637 671 1712; x_wconf 88' lang='lat' dir='ltr'>fieri,</span> <span class='ocrx_word' id='word_1_136' title='bbox 687 1637 793 1698; x_wconf 90' lang='lat' dir='ltr'>urbem</span> <span class='ocrx_word' id='word_1_137' title='bbox 804 1655 939 1716; x_wconf 88' lang='lat' dir='ltr'>maguam</span> <span class='ocrx_word' id='word_1_138' title='bbox 955 1637 1030 1698; x_wconf 86' lang='lat' dir='ltr'>etin</span> <span class='ocrx_word' id='word_1_139' title='bbox 1046 1656 1078 1698; x_wconf 87' lang='lat' dir='ltr'>ea</span> <span class='ocrx_word' id='word_1_140' title='bbox 1094 1646 1179 1717; x_wconf 90' lang='lat' dir='ltr'>parte</span> <span class='ocrx_word' id='word_1_141' title='bbox 1196 1657 1256 1718; x_wconf 87' lang='lat' dir='ltr'>qua</span> <span class='ocrx_word' id='word_1_142' title='bbox 1272 1640 1316 1700; x_wconf 85' lang='lat' dir='ltr'>sia</span> 
     </span>
     <span class='ocr_line' id='line_1_17' title="bbox 249 1722 1316 1802; baseline 0 -18"><span class='ocrx_word' id='word_1_143' title='bbox 249 1731 312 1784; x_wconf 90' lang='lat' dir='ltr'>erat</span> <span class='ocrx_word' id='word_1_144' title='bbox 333 1741 431 1784; x_wconf 90' lang='lat' dir='ltr'>arcem</span> <span class='ocrx_word' id='word_1_145' title='bbox 452 1724 553 1802; x_wconf 86' lang='lat' dir='ltr'>regni,</span> <span class='ocrx_word' id='word_1_146' title='bbox 569 1723 692 1785; x_wconf 90' lang='lat' dir='ltr'>nomine</span> <span class='ocrx_word' id='word_1_147' title='bbox 707 1723 836 1798; x_wconf 83' lang='lat' dir='ltr'>Zamam,</span> <span class='ocrx_word' id='word_1_148' title='bbox 853 1722 955 1784; x_wconf 83' lang='lat' dir='ltr'>statuit</span> <span class='ocrx_word' id='word_1_149' title='bbox 975 1741 1167 1802; x_wconf 81' lang='lat' dir='ltr'>oppugnare,</span> <span class='ocrx_word' id='word_1_150' title='bbox 1188 1733 1281 1798; x_wconf 90' lang='lat' dir='ltr'>ratus,</span> <span class='ocrx_word' id='word_1_151' title='bbox 1294 1724 1316 1784; x_wconf 93' lang='lat' dir='ltr'>id</span> 
     </span>
     <span class='ocr_line' id='line_1_18' title="bbox 249 1808 1316 1888; baseline -0.001 -18"><span class='ocrx_word' id='word_1_152' title='bbox 249 1810 328 1888; x_wconf 92' lang='lat' dir='ltr'>quod</span> <span class='ocrx_word' id='word_1_153' title='bbox 340 1809 491 1887; x_wconf 87' lang='lat' dir='ltr'>negotium</span> <span class='ocrx_word' id='word_1_154' title='bbox 505 1809 654 1888; x_wconf 89' lang='lat' dir='ltr'>poscebat,</span> <span class='ocrx_word' id='word_1_155' title='bbox 666 1808 836 1888; x_wconf 82' lang='lat' dir='ltr'>Iugurtham</span> <span class='ocrx_word' id='word_1_156' title='bbox 848 1808 1052 1870; x_wconf 87' lang='lat' dir='ltr'>laborantibus</span> <span class='ocrx_word' id='word_1_157' title='bbox 1062 1808 1242 1870; x_wconf 85' lang='lat' dir='ltr'>suisauxilio</span> <span class='ocrx_word' id='word_1_158' title='bbox 1252 1829 1316 1870; x_wconf 87' lang='lat' dir='ltr'>ven·</span> 
     </span>
    </p>

    <p class='ocr_par' dir='ltr' id='par_1_7' title="bbox 209 1893 1315 2311">
     <span class='ocr_line' id='line_1_19' title="bbox 209 1893 1314 1974; baseline 0 -20"><span class='ocrx_word' id='word_1_159' title='bbox 209 1903 224 1954; x_wconf 80' lang='lat'>2</span> <span class='ocrx_word' id='word_1_160' title='bbox 244 1904 345 1954; x_wconf 89' lang='lat' dir='ltr'>turum</span> <span class='ocrx_word' id='word_1_161' title='bbox 361 1893 462 1972; x_wconf 85' lang='lat' dir='ltr'>ibique</span> <span class='ocrx_word' id='word_1_162' title='bbox 477 1894 624 1972; x_wconf 89' lang='lat' dir='ltr'>proelium</span> <span class='ocrx_word' id='word_1_163' title='bbox 639 1895 711 1956; x_wconf 81' lang='lat' dir='ltr'>iore.</span> <span class='ocrx_word' id='word_1_164' title='bbox 741 1894 778 1954; x_wconf 80' lang='lat' dir='ltr'>dt</span> <span class='ocrx_word' id='word_1_165' title='bbox 793 1893 851 1968; x_wconf 92' lang='lat' dir='ltr'>ille,</span> <span class='ocrx_word' id='word_1_166' title='bbox 866 1910 941 1971; x_wconf 90' lang='lat' dir='ltr'>quae</span> <span class='ocrx_word' id='word_1_167' title='bbox 960 1893 1142 1971; x_wconf 87' lang='lat' dir='ltr'>parabantur</span> <span class='ocrx_word' id='word_1_168' title='bbox 1157 1912 1174 1953; x_wconf 96' lang='lat' dir='ltr'>a</span> <span class='ocrx_word' id='word_1_169' title='bbox 1189 1894 1314 1974; x_wconf 77' lang='lat' dir='ltr'>perfugis</span> 
     </span>
     <span class='ocr_line' id='line_1_20' title="bbox 248 1978 1315 2058; baseline -0.001 -18"><span class='ocrx_word' id='word_1_170' title='bbox 248 1980 378 2054; x_wconf 91' lang='lat' dir='ltr'>edoctus,</span> <span class='ocrx_word' id='word_1_171' title='bbox 394 1979 509 2058; x_wconf 89' lang='lat' dir='ltr'>magnis</span> <span class='ocrx_word' id='word_1_172' title='bbox 522 1978 680 2040; x_wconf 83' lang='lat' dir='ltr'>itineribus</span> <span class='ocrx_word' id='word_1_173' title='bbox 694 1978 844 2039; x_wconf 85' lang='lat' dir='ltr'>Metellum</span> <span class='ocrx_word' id='word_1_174' title='bbox 861 1979 1024 2055; x_wconf 88' lang='lat' dir='ltr'>antevenit;</span> <span class='ocrx_word' id='word_1_175' title='bbox 1041 1979 1206 2058; x_wconf 82' lang='lat' dir='ltr'>oppidanos</span> <span class='ocrx_word' id='word_1_176' title='bbox 1222 1981 1315 2041; x_wconf 86' lang='lat' dir='ltr'>horta·</span> 
     </span>
     <span class='ocr_line' id='line_1_21' title="bbox 247 2062 1314 2142; baseline -0.002 -16"><span class='ocrx_word' id='word_1_177' title='bbox 247 2074 297 2126; x_wconf 92' lang='lat' dir='ltr'>tur</span> <span class='ocrx_word' id='word_1_178' title='bbox 311 2063 428 2126; x_wconf 90' lang='lat' dir='ltr'>moenia</span> <span class='ocrx_word' id='word_1_179' title='bbox 444 2063 612 2138; x_wconf 82' lang='lat' dir='ltr'>defendant,</span> <span class='ocrx_word' id='word_1_180' title='bbox 629 2062 733 2124; x_wconf 89' lang='lat' dir='ltr'>additis</span> <span class='ocrx_word' id='word_1_181' title='bbox 745 2063 853 2124; x_wconf 82' lang='lat' dir='ltr'>auxilio</span> <span class='ocrx_word' id='word_1_182' title='bbox 864 2063 1006 2142; x_wconf 77' lang='lat' dir='ltr'>perfugis,</span> <span class='ocrx_word' id='word_1_183' title='bbox 1019 2064 1099 2142; x_wconf 88' lang='lat' dir='ltr'>quod</span> <span class='ocrx_word' id='word_1_184' title='bbox 1110 2081 1209 2142; x_wconf 87' lang='lat' dir='ltr'>genus</span> <span class='ocrx_word' id='word_1_185' title='bbox 1221 2085 1256 2126; x_wconf 83' lang='lat' dir='ltr'>ca</span> <span class='ocrx_word' id='word_1_186' title='bbox 1271 2084 1314 2126; x_wconf 93' lang='lat' dir='ltr'>co·</span> 
     </span>
     <span class='ocr_line' id='line_1_22' title="bbox 247 2147 1314 2230; baseline -0.001 -20"><span class='ocrx_word' id='word_1_187' title='bbox 247 2149 304 2229; x_wconf 90' lang='lat' dir='ltr'>piis</span> <span class='ocrx_word' id='word_1_188' title='bbox 317 2149 404 2226; x_wconf 87' lang='lat' dir='ltr'>regis,</span> <span class='ocrx_word' id='word_1_189' title='bbox 417 2148 484 2226; x_wconf 91' lang='lat' dir='ltr'>quia</span> <span class='ocrx_word' id='word_1_190' title='bbox 496 2147 597 2207; x_wconf 81' lang='lat' dir='ltr'>saliere</span> <span class='ocrx_word' id='word_1_191' title='bbox 610 2147 760 2226; x_wconf 89' lang='lat' dir='ltr'>nequibat,</span> <span class='ocrx_word' id='word_1_192' title='bbox 776 2147 988 2210; x_wconf 88' lang='lat' dir='ltr'>firmissumum</span> <span class='ocrx_word' id='word_1_193' title='bbox 1000 2157 1077 2224; x_wconf 80' lang='lat' dir='ltr'>erat3</span> <span class='ocrx_word' id='word_1_194' title='bbox 1093 2157 1248 2228; x_wconf 88' lang='lat' dir='ltr'>praeterea</span> <span class='ocrx_word' id='word_1_195' title='bbox 1258 2149 1314 2230; x_wconf 91' lang='lat' dir='ltr'>pol·</span> 
     </span>
     <span class='ocr_line' id='line_1_23' title="bbox 247 2232 1009 2311; baseline 0 -17"><span class='ocrx_word' id='word_1_196' title='bbox 247 2234 353 2311; x_wconf 89' lang='lat' dir='ltr'>licetur</span> <span class='ocrx_word' id='word_1_197' title='bbox 367 2233 398 2292; x_wconf 91' lang='lat' dir='ltr'>in</span> <span class='ocrx_word' id='word_1_198' title='bbox 414 2241 549 2310; x_wconf 88' lang='lat' dir='ltr'>tempore</span> <span class='ocrx_word' id='word_1_199' title='bbox 560 2241 654 2292; x_wconf 88' lang='lat' dir='ltr'>semet</span> <span class='ocrx_word' id='word_1_200' title='bbox 668 2250 735 2292; x_wconf 91' lang='lat' dir='ltr'>cum</span> <span class='ocrx_word' id='word_1_201' title='bbox 752 2233 883 2294; x_wconf 88' lang='lat' dir='ltr'>exercitu</span> <span class='ocrx_word' id='word_1_202' title='bbox 898 2232 1009 2294; x_wconf 86' lang='lat' dir='ltr'>adfore.</span> 
     </span>
    </p>

    <p class='ocr_par' dir='ltr' id='par_1_8' title="bbox 209 2315 1313 2570">
     <span class='ocr_line' id='line_1_24' title="bbox 209 2315 1313 2396; baseline 0 -18"><span class='ocrx_word' id='word_1_203' title='bbox 209 2329 224 2378; x_wconf 84' lang='lat'><strong>3</strong></span> <span class='ocrx_word' id='word_1_204' title='bbox 330 2317 374 2377; x_wconf 89' lang='lat' dir='ltr'>lta</span> <span class='ocrx_word' id='word_1_205' title='bbox 389 2315 559 2395; x_wconf 87' lang='lat' dir='ltr'>compositis</span> <span class='ocrx_word' id='word_1_206' title='bbox 573 2315 664 2378; x_wconf 87' lang='lat' dir='ltr'>rebus</span> <span class='ocrx_word' id='word_1_207' title='bbox 678 2317 710 2378; x_wconf 95' lang='lat' dir='ltr'>in</span> <span class='ocrx_word' id='word_1_208' title='bbox 722 2318 786 2378; x_wconf 90' lang='lat' dir='ltr'>loca</span> <span class='ocrx_word' id='word_1_209' title='bbox 804 2335 893 2396; x_wconf 89' lang='lat' dir='ltr'>quam</span> <span class='ocrx_word' id='word_1_210' title='bbox 903 2336 1040 2380; x_wconf 80' lang='lat' dir='ltr'>maxume</span> <span class='ocrx_word' id='word_1_211' title='bbox 1053 2319 1168 2380; x_wconf 90' lang='lat' dir='ltr'>occulta</span> <span class='ocrx_word' id='word_1_212' title='bbox 1183 2319 1313 2382; x_wconf 83' lang='lat' dir='ltr'>discedit:</span> 
     </span>
     <span class='ocr_line' id='line_1_25' title="bbox 247 2400 1309 2486; baseline 0.002 -24"><span class='ocrx_word' id='word_1_213' title='bbox 247 2419 281 2462; x_wconf 89' lang='lat' dir='ltr'>ac</span> <span class='ocrx_word' id='word_1_214' title='bbox 292 2409 361 2480; x_wconf 92' lang='lat' dir='ltr'>post</span> <span class='ocrx_word' id='word_1_215' title='bbox 375 2400 462 2481; x_wconf 90' lang='lat' dir='ltr'>paulo</span> <span class='ocrx_word' id='word_1_216' title='bbox 475 2401 630 2480; x_wconf 83' lang='lat' dir='ltr'>cognoscit</span> <span class='ocrx_word' id='word_1_217' title='bbox 640 2403 765 2463; x_wconf 88' lang='lat' dir='ltr'>Marium</span> <span class='ocrx_word' id='word_1_218' title='bbox 776 2421 812 2464; x_wconf 82' lang='lat' dir='ltr'>eu</span> <span class='ocrx_word' id='word_1_219' title='bbox 821 2402 929 2464; x_wconf 85' lang='lat' dir='ltr'>itinere</span> <span class='ocrx_word' id='word_1_220' title='bbox 940 2405 1153 2466; x_wconf 87' lang='lat' dir='ltr'>frumentatum</span> <span class='ocrx_word' id='word_1_221' title='bbox 1166 2424 1235 2467; x_wconf 89' lang='lat' dir='ltr'>cum</span> <span class='ocrx_word' id='word_1_222' title='bbox 1247 2423 1309 2486; x_wconf 91' lang='lat' dir='ltr'>pau·</span> 
     </span>
     <span class='ocr_line' id='line_1_26' title="bbox 247 2485 1312 2570; baseline 0.002 -23"><span class='ocrx_word' id='word_1_223' title='bbox 247 2486 288 2548; x_wconf 91' lang='lat' dir='ltr'>cis</span> <span class='ocrx_word' id='word_1_224' title='bbox 304 2485 476 2549; x_wconf 89' lang='lat' dir='ltr'>cohortibus</span> <span class='ocrx_word' id='word_1_225' title='bbox 491 2486 605 2550; x_wconf 89' lang='lat' dir='ltr'>Siccam</span> <span class='ocrx_word' id='word_1_226' title='bbox 620 2487 759 2565; x_wconf 88' lang='lat' dir='ltr'>missum,</span> <span class='ocrx_word' id='word_1_227' title='bbox 782 2489 861 2568; x_wconf 92' lang='lat' dir='ltr'>quod</span> <span class='ocrx_word' id='word_1_228' title='bbox 877 2489 1018 2569; x_wconf 90' lang='lat' dir='ltr'>oppidum</span> <span class='ocrx_word' id='word_1_229' title='bbox 1033 2489 1165 2570; x_wconf 89' lang='lat' dir='ltr'>primum</span> <span class='ocrx_word' id='word_1_230' title='bbox 1187 2490 1312 2554; x_wconf 93' lang='lat' dir='ltr'>omnium</span> 
     </span>
    </p>
   </div>
   <div class='ocr_carea' id='block_1_3' title="bbox 242 2653 1312 4018">
    <p class='ocr_par' dir='ltr' id='par_1_9' title="bbox 242 2653 1312 4018">
     <span class='ocr_line' id='line_1_27' title="bbox 245 2653 1311 2723; baseline 0.001 -16"><span class='ocrx_word' id='word_1_231' title='bbox 245 2653 328 2707; x_wconf 84' lang='lat' dir='ltr'>Ruhm</span> <span class='ocrx_word' id='word_1_232' title='bbox 338 2653 416 2707; x_wconf 91' lang='lat' dir='ltr'>durch</span> <span class='ocrx_word' id='word_1_233' title='bbox 425 2655 514 2723; x_wconf 86' lang='lat' dir='ltr'>irgend</span> <span class='ocrx_word' id='word_1_234' title='bbox 524 2657 565 2708; x_wconf 90' lang='lat' dir='ltr'>eia</span> <span class='ocrx_word' id='word_1_235' title='bbox 575 2655 756 2723; x_wconf 82' lang='lat' dir='ltr'>Miisgeschick</span> <span class='ocrx_word' id='word_1_236' title='bbox 808 2655 942 2722; x_wconf 81' lang='lat' dir='ltr'>teidigung</span> <span class='ocrx_word' id='word_1_237' title='bbox 967 2656 1085 2722; x_wconf 88' lang='lat' dir='ltr'>abgiebt;</span> <span class='ocrx_word' id='word_1_238' title='bbox 1114 2657 1168 2722; x_wconf 80' lang='lat' dir='ltr'>ngt.</span> <span class='ocrx_word' id='word_1_239' title='bbox 1197 2657 1250 2710; x_wconf 85' lang='lat' dir='ltr'>Liv.</span> <span class='ocrx_word' id='word_1_240' title='bbox 1276 2659 1311 2720; x_wconf 77' lang='grc'>37,</span> 
     </span>
     <span class='ocr_line' id='line_1_28' title="bbox 245 2719 1312 2791; baseline 0 -17"><span class='ocrx_word' id='word_1_241' title='bbox 245 2739 277 2775; x_wconf 83' lang='lat' dir='ltr'>nu</span> <span class='ocrx_word' id='word_1_242' title='bbox 289 2723 415 2776; x_wconf 79' lang='lat' dir='ltr'>verliereu</span> <span class='ocrx_word' id='word_1_243' title='bbox 428 2741 452 2777; x_wconf 90' lang='lat' dir='ltr'>u.</span> <span class='ocrx_word' id='word_1_244' title='bbox 467 2740 520 2777; x_wconf 87' lang='lat' dir='ltr'>war</span> <span class='ocrx_word' id='word_1_245' title='bbox 536 2724 643 2777; x_wconf 87' lang='lat' dir='ltr'>deshalb</span> <span class='ocrx_word' id='word_1_246' title='bbox 661 2719 757 2791; x_wconf 76' lang='lat' dir='ltr'>‘dngst-</span> <span class='ocrx_word' id='word_1_247' title='bbox 809 2727 849 2790; x_wconf 86' lang='lat'>18,</span> <span class='ocrx_word' id='word_1_248' title='bbox 872 2727 886 2776; x_wconf 79' lang='lat'><strong>2</strong></span> <span class='ocrx_word' id='word_1_249' title='bbox 912 2724 949 2775; x_wconf 85' lang='lat' dir='ltr'>ad</span> <span class='ocrx_word' id='word_1_250' title='bbox 971 2729 1054 2790; x_wconf 81' lang='lat' dir='ltr'>eaput</span> <span class='ocrx_word' id='word_1_251' title='bbox 1078 2741 1221 2791; x_wconf 77' lang='lat' dir='ltr'>arceatque</span> <span class='ocrx_word' id='word_1_252' title='bbox 1242 2725 1312 2790; x_wconf 77' lang='lat' dir='ltr'>regat</span> 
     </span>
     <span class='ocr_line' id='line_1_29' title="bbox 245 2787 1294 2859; baseline 0 -16"><span class='ocrx_word' id='word_1_253' title='bbox 245 2791 297 2844; x_wconf 92' lang='lat' dir='ltr'>lich</span> <span class='ocrx_word' id='word_1_254' title='bbox 314 2787 473 2859; x_wconf 86' lang='lat' dir='ltr'>versichtig’.</span> <span class='ocrx_word' id='word_1_255' title='bbox 704 2833 707 2840; x_wconf 91' lang='lat'><em>.</em></span> <span class='ocrx_word' id='word_1_256' title='bbox 806 2795 967 2857; x_wconf 80' lang='lat' dir='ltr'>Pergamum</span> <span class='ocrx_word' id='word_1_257' title='bbox 985 2793 1062 2844; x_wconf 82' lang='lat' dir='ltr'>duait</span> <span class='ocrx_word' id='word_1_258' title='bbox 1078 2794 1294 2859; x_wconf 77' lang='lat' dir='ltr'>oppugnandum.</span> 
     </span>
     <span class='ocr_line' id='line_1_30' title="bbox 278 2860 1310 2928; baseline -0.001 -17"><span class='ocrx_word' id='word_1_259' title='bbox 278 2866 340 2928; x_wconf 75' lang='lat' dir='ltr'>post</span> <span class='ocrx_word' id='word_1_260' title='bbox 355 2861 481 2913; x_wconf 72' lang='lat' dir='ltr'>insidiae:</span> <span class='ocrx_word' id='word_1_261' title='bbox 502 2861 553 2912; x_wconf 87' lang='lat' dir='ltr'>seit</span> <span class='ocrx_word' id='word_1_262' title='bbox 570 2860 618 2912; x_wconf 91' lang='lat' dir='ltr'>deu</span> <span class='ocrx_word' id='word_1_263' title='bbox 637 2862 679 2925; x_wconf 78' lang='lat'>54,</span> <span class='ocrx_word' id='word_1_264' title='bbox 697 2863 713 2912; x_wconf 84' lang='lat'><strong>9</strong></span> <span class='ocrx_word' id='word_1_265' title='bbox 730 2876 756 2912; x_wconf 90' lang='lat' dir='ltr'>u.</span> <span class='ocrx_word' id='word_1_266' title='bbox 841 2861 965 2913; x_wconf 88' lang='lat' dir='ltr'>Zamam:</span> <span class='ocrx_word' id='word_1_267' title='bbox 988 2861 1094 2927; x_wconf 82' lang='lat' dir='ltr'>gehdrte</span> <span class='ocrx_word' id='word_1_268' title='bbox 1111 2861 1159 2912; x_wconf 89' lang='lat' dir='ltr'>mit</span> <span class='ocrx_word' id='word_1_269' title='bbox 1175 2861 1236 2914; x_wconf 88' lang='lat' dir='ltr'>dem</span> <span class='ocrx_word' id='word_1_270' title='bbox 1252 2867 1310 2914; x_wconf 80' lang='lat' dir='ltr'>etur</span> 
     </span>
     <span class='ocr_line' id='line_1_31' title="bbox 249 2927 1310 2997; baseline 0 -17"><span class='ocrx_word' id='word_1_271' title='bbox 249 2933 278 2981; x_wconf 86' lang='grc'>10</span> <span class='ocrx_word' id='word_1_272' title='bbox 286 2927 756 2993; x_wconf 76' lang='lat' dir='ltr'>erzihltenhinterlistigenhugriffen.</span> <span class='ocrx_word' id='word_1_273' title='bbox 808 2931 828 2981; x_wconf 77' lang='grc' dir='ltr'>θ’</span> <span class='ocrx_word' id='word_1_274' title='bbox 836 2943 860 2994; x_wconf 86' lang='lat' dir='ltr'>g.</span> <span class='ocrx_word' id='word_1_275' title='bbox 873 2927 967 2981; x_wconf 84' lang='lat' dir='ltr'>Meileu</span> <span class='ocrx_word' id='word_1_276' title='bbox 979 2928 1164 2981; x_wconf 86' lang='lat' dir='ltr'>nordwestlich</span> <span class='ocrx_word' id='word_1_277' title='bbox 1176 2931 1310 2997; x_wconf 88' lang='lat' dir='ltr'>gelegeneu</span> 
     </span>
     <span class='ocr_line' id='line_1_32' title="bbox 245 2994 1310 3064; baseline 0.004 -16"><span class='ocrx_word' id='word_1_278' title='bbox 245 2995 345 3062; x_wconf 88' lang='lat' dir='ltr'>Wegen</span> <span class='ocrx_word' id='word_1_279' title='bbox 358 3001 422 3062; x_wconf 83' lang='lat' dir='ltr'>poet</span> <span class='ocrx_word' id='word_1_280' title='bbox 438 2996 489 3061; x_wconf 85' lang='lat' dir='ltr'>vgl.</span> <span class='ocrx_word' id='word_1_281' title='bbox 508 3011 539 3047; x_wconf 86' lang='lat' dir='ltr'>au</span> <span class='ocrx_word' id='word_1_282' title='bbox 557 2994 611 3046; x_wconf 87' lang='lat' dir='ltr'>Cat.</span> <span class='ocrx_word' id='word_1_283' title='bbox 630 2997 671 3056; x_wconf 82' lang='lat'>38,</span> <span class='ocrx_word' id='word_1_284' title='bbox 690 2998 713 3048; x_wconf 83' lang='grc'>3.</span> <span class='ocrx_word' id='word_1_285' title='bbox 808 2995 882 3047; x_wconf 91' lang='lat' dir='ltr'>Sicca</span> <span class='ocrx_word' id='word_1_286' title='bbox 907 2997 933 3064; x_wconf 64' lang='grc' dir='ltr'>(ξ</span> <span class='ocrx_word' id='word_1_287' title='bbox 952 2999 977 3060; x_wconf 83' lang='grc'>3)</span> <span class='ocrx_word' id='word_1_288' title='bbox 999 2997 1052 3050; x_wconf 89' lang='lat' dir='ltr'>und</span> <span class='ocrx_word' id='word_1_289' title='bbox 1076 2997 1132 3049; x_wconf 92' lang='lat' dir='ltr'>dem</span> <span class='ocrx_word' id='word_1_290' title='bbox 1157 3001 1227 3050; x_wconf 85' lang='lat' dir='ltr'>etwa</span> <span class='ocrx_word' id='word_1_291' title='bbox 1244 3001 1275 3052; x_wconf 80' lang='lat'>25</span> <span class='ocrx_word' id='word_1_292' title='bbox 1291 3011 1310 3062; x_wconf 73' lang='lat' dir='ltr'>s·</span> 
     </span>
     <span class='ocr_line' id='line_1_33' title="bbox 280 3061 1311 3134; baseline 0.001 -19"><span class='ocrx_word' id='word_1_293' title='bbox 280 3066 412 3115; x_wconf 77' lang='lat' dir='ltr'>cohortes:</span> <span class='ocrx_word' id='word_1_294' title='bbox 431 3063 498 3126; x_wconf 88' lang='lat' dir='ltr'>hier,</span> <span class='ocrx_word' id='word_1_295' title='bbox 516 3062 577 3114; x_wconf 84' lang='lat' dir='ltr'>weil</span> <span class='ocrx_word' id='word_1_296' title='bbox 595 3062 640 3114; x_wconf 84' lang='lat' dir='ltr'>der</span> <span class='ocrx_word' id='word_1_297' title='bbox 657 3061 757 3129; x_wconf 78' lang='lat' dir='ltr'>Gegeu-</span> <span class='ocrx_word' id='word_1_298' title='bbox 805 3062 901 3116; x_wconf 87' lang='lat' dir='ltr'>Meilen</span> <span class='ocrx_word' id='word_1_299' title='bbox 925 3065 1024 3118; x_wconf 83' lang='lat' dir='ltr'>sudlich</span> <span class='ocrx_word' id='word_1_300' title='bbox 1046 3064 1096 3133; x_wconf 86' lang='lat' dir='ltr'>gel.</span> <span class='ocrx_word' id='word_1_301' title='bbox 1115 3065 1197 3134; x_wconf 81' lang='lat' dir='ltr'>Capsa</span> <span class='ocrx_word' id='word_1_302' title='bbox 1221 3069 1275 3132; x_wconf 78' lang='grc'>(89,</span> <span class='ocrx_word' id='word_1_303' title='bbox 1290 3065 1311 3126; x_wconf 73' lang='lat' dir='ltr'>t)</span> 
     </span>
     <span class='ocr_line' id='line_1_34' title="bbox 245 3129 1310 3201; baseline -0.001 -17"><span class='ocrx_word' id='word_1_304' title='bbox 245 3135 300 3184; x_wconf 84' lang='lat' dir='ltr'>satz</span> <span class='ocrx_word' id='word_1_305' title='bbox 323 3132 440 3196; x_wconf 77' lang='lat' dir='ltr'>legiones</span> <span class='ocrx_word' id='word_1_306' title='bbox 457 3129 519 3182; x_wconf 86' lang='lat' dir='ltr'>oder</span> <span class='ocrx_word' id='word_1_307' title='bbox 543 3129 587 3182; x_wconf 85' lang='lat' dir='ltr'>der</span> <span class='ocrx_word' id='word_1_308' title='bbox 604 3129 699 3182; x_wconf 82' lang='lat' dir='ltr'>Zweck</span> <span class='ocrx_word' id='word_1_309' title='bbox 715 3147 757 3182; x_wconf 82' lang='lat' dir='ltr'>aa·</span> <span class='ocrx_word' id='word_1_310' title='bbox 806 3147 838 3184; x_wconf 84' lang='lat' dir='ltr'>zu</span> <span class='ocrx_word' id='word_1_311' title='bbox 857 3131 914 3184; x_wconf 89' lang='lat' dir='ltr'>dem</span> <span class='ocrx_word' id='word_1_312' title='bbox 926 3132 999 3186; x_wconf 83' lang='lat' dir='ltr'>&#39;l&#39;eile</span> <span class='ocrx_word' id='word_1_313' title='bbox 1011 3133 1057 3186; x_wconf 86' lang='lat' dir='ltr'>des</span> <span class='ocrx_word' id='word_1_314' title='bbox 1068 3134 1250 3201; x_wconf 82' lang='lat' dir='ltr'>ursprdnglieh</span> <span class='ocrx_word' id='word_1_315' title='bbox 1262 3133 1310 3185; x_wconf 87' lang='lat' dir='ltr'>kar·</span> 
     </span>
     <span class='ocr_line' id='line_1_35' title="bbox 245 3198 1310 3268; baseline 0 -18"><span class='ocrx_word' id='word_1_316' title='bbox 245 3201 349 3250; x_wconf 79' lang='lat' dir='ltr'>atmmm</span> <span class='ocrx_word' id='word_1_317' title='bbox 360 3198 434 3262; x_wconf 79' lang='lat' dir='ltr'>fehlt,</span> <span class='ocrx_word' id='word_1_318' title='bbox 446 3198 614 3250; x_wconf 87' lang='lat' dir='ltr'>ebensowohl</span> <span class='ocrx_word' id='word_1_319' title='bbox 626 3214 678 3251; x_wconf 87' lang='lat' dir='ltr'>von</span> <span class='ocrx_word' id='word_1_320' title='bbox 690 3199 755 3250; x_wconf 93' lang='lat' dir='ltr'>bun·</span> <span class='ocrx_word' id='word_1_321' title='bbox 806 3199 956 3266; x_wconf 84' lang='lat' dir='ltr'>thagisehen</span> <span class='ocrx_word' id='word_1_322' title='bbox 976 3201 1104 3268; x_wconf 85' lang='lat' dir='ltr'>Gebietes,</span> <span class='ocrx_word' id='word_1_323' title='bbox 1122 3201 1236 3255; x_wconf 75' lang='lat' dir='ltr'>welches</span> <span class='ocrx_word' id='word_1_324' title='bbox 1253 3199 1310 3254; x_wconf 87' lang='lat' dir='ltr'>uaeh</span> 
     </span>
     <span class='ocr_line' id='line_1_36' title="bbox 245 3265 1312 3336; baseline 0.001 -17"><span class='ocrx_word' id='word_1_325' title='bbox 245 3265 475 3330; x_wconf 83' lang='lat' dir='ltr'>desgendssischeu</span> <span class='ocrx_word' id='word_1_326' title='bbox 499 3266 550 3318; x_wconf 86' lang='lat' dir='ltr'>wie</span> <span class='ocrx_word' id='word_1_327' title='bbox 571 3281 623 3318; x_wconf 78' lang='lat' dir='ltr'>sou</span> <span class='ocrx_word' id='word_1_328' title='bbox 646 3265 756 3332; x_wconf 42' lang='lat' dir='ltr'>ausger-1</span> <span class='ocrx_word' id='word_1_329' title='bbox 806 3267 864 3320; x_wconf 86' lang='lat' dir='ltr'>dem</span> <span class='ocrx_word' id='word_1_330' title='bbox 888 3271 997 3322; x_wconf 85' lang='lat' dir='ltr'>zweiten</span> <span class='ocrx_word' id='word_1_331' title='bbox 1020 3285 1080 3336; x_wconf 92' lang='lat' dir='ltr'>pun.</span> <span class='ocrx_word' id='word_1_332' title='bbox 1099 3269 1193 3336; x_wconf 81' lang='lat' dir='ltr'>Kriege</span> <span class='ocrx_word' id='word_1_333' title='bbox 1217 3287 1249 3322; x_wconf 86' lang='lat' dir='ltr'>aa</span> <span class='ocrx_word' id='word_1_334' title='bbox 1268 3269 1312 3323; x_wconf 84' lang='lat' dir='ltr'>Nn·</span> 
     </span>
     <span class='ocr_line' id='line_1_37' title="bbox 245 3335 1250 3404; baseline 0.004 -18"><span class='ocrx_word' id='word_1_335' title='bbox 245 3338 356 3400; x_wconf 85' lang='lat' dir='ltr'>truppeu</span> <span class='ocrx_word' id='word_1_336' title='bbox 373 3349 404 3385; x_wconf 85' lang='lat' dir='ltr'>zu</span> <span class='ocrx_word' id='word_1_337' title='bbox 422 3335 566 3387; x_wconf 86' lang='lat' dir='ltr'>verstehen.</span> <span class='ocrx_word' id='word_1_338' title='bbox 805 3336 900 3389; x_wconf 89' lang='lat' dir='ltr'>midien</span> <span class='ocrx_word' id='word_1_339' title='bbox 918 3338 1034 3404; x_wconf 85' lang='lat' dir='ltr'>gegeben</span> <span class='ocrx_word' id='word_1_340' title='bbox 1053 3337 1140 3390; x_wconf 84' lang='lat' dir='ltr'>warde</span> <span class='ocrx_word' id='word_1_341' title='bbox 1159 3342 1195 3403; x_wconf 81' lang='lat'>(5,</span> <span class='ocrx_word' id='word_1_342' title='bbox 1214 3343 1250 3403; x_wconf 78' lang='lat'>4).</span> 
     </span>
     <span class='ocr_line' id='line_1_38' title="bbox 278 3403 1310 3472; baseline 0.001 -18"><span class='ocrx_word' id='word_1_343' title='bbox 278 3405 302 3454; x_wconf 86' lang='lat' dir='ltr'>b.</span> <span class='ocrx_word' id='word_1_344' title='bbox 319 3403 434 3467; x_wconf 80' lang='lat' dir='ltr'>praeda:</span> <span class='ocrx_word' id='word_1_345' title='bbox 452 3427 487 3450; x_wconf 61' lang='grc' dir='ltr'>ε</span> <span class='ocrx_word' id='word_1_346' title='bbox 522 3403 670 3458; x_wconf 79' lang='lat' dir='ltr'>raedaado.</span> <span class='ocrx_word' id='word_1_347' title='bbox 812 3407 864 3470; x_wconf 49' lang='lat'>,2</span> <span class='ocrx_word' id='word_1_348' title='bbox 893 3410 958 3472; x_wconf 80' lang='lat' dir='ltr'>quta</span> <span class='ocrx_word' id='word_1_349' title='bbox 985 3405 1081 3467; x_wconf 81' lang='lat' dir='ltr'>fallere</span> <span class='ocrx_word' id='word_1_350' title='bbox 1108 3409 1246 3472; x_wconf 79' lang='lat' dir='ltr'>nequibat:</span> <span class='ocrx_word' id='word_1_351' title='bbox 1277 3405 1310 3457; x_wconf 83' lang='lat' dir='ltr'>dit</span> 
     </span>
     <span class='ocr_line' id='line_1_39' title="bbox 278 3419 1308 3541; baseline 0.003 -21"><span class='ocrx_word' id='word_1_352' title='bbox 278 3471 302 3521; x_wconf 84' lang='lat'>8.</span> <span class='ocrx_word' id='word_1_353' title='bbox 315 3485 437 3538; x_wconf 77' lang='lat' dir='ltr'>pugnae:</span> <span class='ocrx_word' id='word_1_354' title='bbox 456 3471 491 3523; x_wconf 87' lang='lat' dir='ltr'>ist</span> <span class='ocrx_word' id='word_1_355' title='bbox 501 3419 585 3536; x_wconf 65' lang='lat' dir='ltr'>dcciv,</span> <span class='ocrx_word' id='word_1_356' title='bbox 603 3487 654 3526; x_wconf 87' lang='lat' dir='ltr'>von</span> <span class='ocrx_word' id='word_1_357' title='bbox 667 3472 755 3524; x_wconf 80' lang='lat' dir='ltr'>locum</span> <span class='ocrx_word' id='word_1_358' title='bbox 806 3471 956 3525; x_wconf 77' lang='lat' dir='ltr'>Uberlduier</span> <span class='ocrx_word' id='word_1_359' title='bbox 966 3474 1077 3527; x_wconf 81' lang='lat' dir='ltr'>mussten</span> <span class='ocrx_word' id='word_1_360' title='bbox 1089 3473 1131 3526; x_wconf 86' lang='lat' dir='ltr'>die</span> <span class='ocrx_word' id='word_1_361' title='bbox 1141 3477 1308 3541; x_wconf 81' lang='lat' dir='ltr'>gransamsten</span> 
     </span>
     <span class='ocr_line' id='line_1_40' title="bbox 244 3539 1308 3606; baseline 0.005 -19"><span class='ocrx_word' id='word_1_362' title='bbox 244 3553 372 3604; x_wconf 81' lang='lat' dir='ltr'>quaerere</span> <span class='ocrx_word' id='word_1_363' title='bbox 389 3539 526 3606; x_wconf 76' lang='lat' dir='ltr'>ebhdngig,</span> <span class='ocrx_word' id='word_1_364' title='bbox 544 3540 594 3592; x_wconf 87' lang='lat' dir='ltr'>wie</span> <span class='ocrx_word' id='word_1_365' title='bbox 607 3543 648 3604; x_wconf 84' lang='lat'>46,</span> <span class='ocrx_word' id='word_1_366' title='bbox 661 3543 677 3593; x_wconf 90' lang='grc'><strong>6</strong></span> <span class='ocrx_word' id='word_1_367' title='bbox 688 3542 755 3590; x_wconf 78' lang='lat' dir='ltr'>inei-</span> <span class='ocrx_word' id='word_1_368' title='bbox 808 3539 910 3593; x_wconf 77' lang='lat' dir='ltr'>straten</span> <span class='ocrx_word' id='word_1_369' title='bbox 927 3541 1059 3606; x_wconf 82' lang='lat' dir='ltr'>idrchten,</span> <span class='ocrx_word' id='word_1_370' title='bbox 1082 3557 1158 3594; x_wconf 86' lang='lat' dir='ltr'>wean</span> <span class='ocrx_word' id='word_1_371' title='bbox 1177 3542 1215 3596; x_wconf 89' lang='lat' dir='ltr'>sie</span> <span class='ocrx_word' id='word_1_372' title='bbox 1231 3543 1257 3594; x_wconf 92' lang='lat' dir='ltr'>in</span> <span class='ocrx_word' id='word_1_373' title='bbox 1275 3540 1308 3592; x_wconf 84' lang='lat' dir='ltr'>die</span> 
     </span>
     <span class='ocr_line' id='line_1_41' title="bbox 243 3605 1307 3677; baseline 0.001 -21"><span class='ocrx_word' id='word_1_374' title='bbox 243 3605 296 3656; x_wconf 77' lang='lat' dir='ltr'>diis</span> <span class='ocrx_word' id='word_1_375' title='bbox 307 3620 358 3658; x_wconf 87' lang='lat' dir='ltr'>von</span> <span class='ocrx_word' id='word_1_376' title='bbox 377 3606 463 3658; x_wconf 80' lang='lat' dir='ltr'>laeum</span> <span class='ocrx_word' id='word_1_377' title='bbox 480 3611 613 3674; x_wconf 80' lang='lat' dir='ltr'>teanptari,</span> <span class='ocrx_word' id='word_1_378' title='bbox 631 3611 672 3672; x_wconf 82' lang='lat' dir='ltr'>bb,</span> <span class='ocrx_word' id='word_1_379' title='bbox 688 3611 698 3660; x_wconf 90' lang='lat'>1</span> <span class='ocrx_word' id='word_1_380' title='bbox 713 3623 756 3659; x_wconf 85' lang='lat' dir='ltr'>aa·</span> <span class='ocrx_word' id='word_1_381' title='bbox 806 3607 894 3660; x_wconf 74' lang='lat' dir='ltr'>iliade</span> <span class='ocrx_word' id='word_1_382' title='bbox 918 3608 962 3662; x_wconf 87' lang='lat' dir='ltr'>der</span> <span class='ocrx_word' id='word_1_383' title='bbox 985 3609 1078 3663; x_wconf 83' lang='lat' dir='ltr'>Rdmer</span> <span class='ocrx_word' id='word_1_384' title='bbox 1101 3609 1177 3662; x_wconf 82' lang='lat' dir='ltr'>helen</span> <span class='ocrx_word' id='word_1_385' title='bbox 1204 3609 1265 3677; x_wconf 74' lang='lat' dir='ltr'>(agl.</span> <span class='ocrx_word' id='word_1_386' title='bbox 1281 3621 1307 3658; x_wconf 81' lang='lat' dir='ltr'>ru</span> 
     </span>
     <span class='ocr_line' id='line_1_42' title="bbox 242 3673 1305 3742; baseline -0.001 -17"><span class='ocrx_word' id='word_1_387' title='bbox 242 3677 308 3726; x_wconf 75' lang='lat' dir='ltr'>stri:</span> <span class='ocrx_word' id='word_1_388' title='bbox 319 3690 369 3726; x_wconf 80' lang='lat' dir='ltr'>rea</span> <span class='ocrx_word' id='word_1_389' title='bbox 384 3675 470 3727; x_wconf 77' lang='lat' dir='ltr'>lamam</span> <span class='ocrx_word' id='word_1_390' title='bbox 482 3680 640 3742; x_wconf 81' lang='lat' dir='ltr'>antecapere</span> <span class='ocrx_word' id='word_1_391' title='bbox 651 3676 704 3728; x_wconf 91' lang='lat' dir='ltr'>nnd</span> <span class='ocrx_word' id='word_1_392' title='bbox 714 3673 756 3728; x_wconf 87' lang='lat' dir='ltr'>Or.</span> <span class='ocrx_word' id='word_1_393' title='bbox 807 3679 848 3742; x_wconf 75' lang='lat' dir='ltr'>bt,</span> <span class='ocrx_word' id='word_1_394' title='bbox 862 3679 895 3741; x_wconf 73' lang='lat'>⁵1),</span> <span class='ocrx_word' id='word_1_395' title='bbox 907 3677 959 3730; x_wconf 91' lang='lat' dir='ltr'>und</span> <span class='ocrx_word' id='word_1_396' title='bbox 971 3679 1060 3732; x_wconf 89' lang='lat' dir='ltr'>hatten</span> <span class='ocrx_word' id='word_1_397' title='bbox 1073 3678 1128 3730; x_wconf 86' lang='lat' dir='ltr'>also</span> <span class='ocrx_word' id='word_1_398' title='bbox 1140 3678 1191 3731; x_wconf 88' lang='lat' dir='ltr'>alle</span> <span class='ocrx_word' id='word_1_399' title='bbox 1203 3675 1305 3730; x_wconf 84' lang='lat' dir='ltr'>Ursacbe</span> 
     </span>
     <span class='ocr_line' id='line_1_43' title="bbox 243 3740 1304 3814; baseline 0 -21"><span class='ocrx_word' id='word_1_400' title='bbox 243 3740 537 3796; x_wconf 68' lang='lat' dir='ltr'>Phileaettovondaaa</span> <span class='ocrx_word' id='word_1_401' title='bbox 545 3746 754 3810; x_wconf 72' lang='lat' dir='ltr'>circumspicere,</span> <span class='ocrx_word' id='word_1_402' title='bbox 806 3744 852 3797; x_wconf 88' lang='lat' dir='ltr'>das</span> <span class='ocrx_word' id='word_1_403' title='bbox 875 3746 901 3796; x_wconf 91' lang='lat' dir='ltr'>iu</span> <span class='ocrx_word' id='word_1_404' title='bbox 918 3746 973 3799; x_wconf 88' lang='lat' dir='ltr'>ihre</span> <span class='ocrx_word' id='word_1_405' title='bbox 991 3746 1139 3814; x_wconf 78' lang='lat' dir='ltr'>Tapterkeit</span> <span class='ocrx_word' id='word_1_406' title='bbox 1162 3746 1215 3799; x_wconf 93' lang='lat' dir='ltr'>und</span> <span class='ocrx_word' id='word_1_407' title='bbox 1233 3744 1304 3796; x_wconf 76' lang='lat' dir='ltr'>uren</span> 
     </span>
     <span class='ocr_line' id='line_1_44' title="bbox 277 3810 1303 3880; baseline -0.003 -13"><span class='ocrx_word' id='word_1_408' title='bbox 277 3810 323 3867; x_wconf 77' lang='lat' dir='ltr'>bd.</span> <span class='ocrx_word' id='word_1_409' title='bbox 347 3815 369 3863; x_wconf 89' lang='grc'>1.</span> <span class='ocrx_word' id='word_1_410' title='bbox 386 3827 488 3864; x_wconf 83' lang='lat' dir='ltr'>arcem:</span> <span class='ocrx_word' id='word_1_411' title='bbox 507 3829 560 3864; x_wconf 77' lang='lat' dir='ltr'>ara</span> <span class='ocrx_word' id='word_1_412' title='bbox 571 3812 636 3864; x_wconf 80' lang='lat' dir='ltr'>wind</span> <span class='ocrx_word' id='word_1_413' title='bbox 648 3812 754 3866; x_wconf 90' lang='lat' dir='ltr'>bildlich</span> <span class='ocrx_word' id='word_1_414' title='bbox 805 3813 1070 3880; x_wconf 73' lang='lat' dir='ltr'>gesetzteh&#39;ertrauen</span> <span class='ocrx_word' id='word_1_415' title='bbox 1083 3813 1303 3880; x_wconf 78' lang='lat' dir='ltr'>zurechtiertiger.</span> 
     </span>
     <span class='ocr_line' id='line_1_45' title="bbox 243 3879 1304 3950; baseline 0.007 -17"><span class='ocrx_word' id='word_1_416' title='bbox 243 3895 294 3950; x_wconf 76' lang='lat' dir='ltr'>rou</span> <span class='ocrx_word' id='word_1_417' title='bbox 317 3879 374 3931; x_wconf 87' lang='lat' dir='ltr'>dem</span> <span class='ocrx_word' id='word_1_418' title='bbox 400 3879 554 3946; x_wconf 85' lang='lat' dir='ltr'>gebraucht,</span> <span class='ocrx_word' id='word_1_419' title='bbox 580 3896 635 3934; x_wconf 84' lang='lat' dir='ltr'>was</span> <span class='ocrx_word' id='word_1_420' title='bbox 658 3880 753 3934; x_wconf 86' lang='lat' dir='ltr'>Schutz</span> <span class='ocrx_word' id='word_1_421' title='bbox 838 3883 862 3933; x_wconf 81' lang='grc'>3.</span> <span class='ocrx_word' id='word_1_422' title='bbox 876 3879 1304 3940; x_wconf 72' lang='lat' dir='ltr'>srecam2voltstsuea1‘0nm&#39;o</span> 
     </span>
     <span class='ocr_line' id='line_1_46' title="bbox 244 3947 1111 4018; baseline 0.005 -18"><span class='ocrx_word' id='word_1_423' title='bbox 244 3948 359 4014; x_wconf 77' lang='lat' dir='ltr'>gewihrt</span> <span class='ocrx_word' id='word_1_424' title='bbox 376 3947 428 4001; x_wconf 91' lang='lat' dir='ltr'>nud</span> <span class='ocrx_word' id='word_1_425' title='bbox 446 3948 503 4001; x_wconf 87' lang='lat' dir='ltr'>eine</span> <span class='ocrx_word' id='word_1_426' title='bbox 521 3949 610 4003; x_wconf 85' lang='lat' dir='ltr'>Stdtze</span> <span class='ocrx_word' id='word_1_427' title='bbox 628 3965 673 4002; x_wconf 80' lang='lat' dir='ltr'>zur</span> <span class='ocrx_word' id='word_1_428' title='bbox 690 3949 753 4002; x_wconf 85' lang='lat' dir='ltr'>Ver·</span> <span class='ocrx_word' id='word_1_429' title='bbox 800 3950 868 4014; x_wconf 85' lang='lat' dir='ltr'>jetzt</span> <span class='ocrx_word' id='word_1_430' title='bbox 885 3949 945 4014; x_wconf 71' lang='lat' dir='ltr'>uer,</span> <span class='ocrx_word' id='word_1_431' title='bbox 963 3967 983 4008; x_wconf 86' lang='lat' dir='ltr'>s.</span> <span class='ocrx_word' id='word_1_432' title='bbox 1001 3965 1033 4004; x_wconf 82' lang='lat' dir='ltr'>nu</span> <span class='ocrx_word' id='word_1_433' title='bbox 1051 3951 1068 4018; x_wconf 59' lang='grc' dir='ltr'>ὅ</span> <span class='ocrx_word' id='word_1_434' title='bbox 1089 3955 1111 4004; x_wconf 85' lang='lat' dir='ltr'>t.</span> 
     </span>
    </p>
   </div>
   <div class='ocr_carea' id='block_1_4' title="bbox 0 0 1374 4576">
    <p class='ocr_par' dir='ltr' id='par_1_10' title="bbox 0 0 1374 4576">
     <span class='ocr_line' id='line_1_47' title="bbox 0 0 1374 4576; baseline 0 4"><span class='ocrx_word' id='word_1_435' title='bbox 0 0 1374 4576; x_wconf 95' lang='lat' dir='ltr'> </span> 
     </span>
    </p>
   </div>
  </div>
 </body>
</html>
