2766 4568
307 254 349 308 llll
366 254 469 310 seluo
485 255 639 312 modurn.
674 258 701 314 G.
720 262 863 314 107-110.
1065 258 1127 322 215

37 441 116 508 tur;
133 449 203 493 nam
217 429 254 492 ab
268 431 383 496 insidiis
398 433 463 496 eius
477 432 562 495 aliter
576 433 672 496 caveri
692 435 869 514 nequivisse.
899 435 959 498 Sed
977 455 1031 518 ego
1046 455 1129 500 com·
1144 445 1160 498 t

35 517 153 599 perior
166 516 317 580 bocchum
332 517 425 597 magis
435 518 549 582 Punica
559 518 617 580 tide
629 537 718 598 quam
733 517 771 590 ob
784 539 827 596 ea,
843 538 919 600 quae
929 521 1128 602 praedicabat,

36 602 141 665 simul
154 601 320 664 Romanum
335 611 366 664 et
375 603 530 666 Numidam
541 622 595 683 spe
605 603 687 684 pacis
698 605 851 667 attinuisse
863 606 1048 686 multumque
1058 627 1128 672 oum

37 688 151 750 animo
171 707 226 750 suo
247 688 364 750 volvere
386 687 518 764 solitum,
540 687 713 767 Iugurtham
732 689 873 752 Romanis
896 710 934 754 an
954 691 996 754 illi
1015 691 1127 756 Sullam
1150 735 1156 740 -

36 773 196 836 traderet:
217 773 381 836 lubidinem
401 774 558 836 advorsum
578 793 649 850 nos,
671 783 784 838 metram
802 793 858 856 pro
881 776 969 844 nobis
989 777 1126 841 suasisse.

37 858 147 938 Igitur
166 858 247 921 Sulla
267 858 421 938 respondit
440 877 535 939 pauoa
559 877 660 922 eoram
679 861 792 940 Aspare
816 860 1001 938 locuturum,
1028 865 1196 924 celeraret

39 944 166 1006 occulte
174 953 225 1006 aut
235 945 319 1006 nullo
330 951 381 1008 aut
392 962 479 1023 quam
492 944 687 1026 paucissumis
693 945 914 1025 praesentibus3
926 947 1015 1010 simul
1022 948 1128 1010 edocet

39 1048 126 1109 quae
148 1028 204 1091 sibi
225 1029 489 1110 responderentur.
522 1028 683 1110 Postquam
703 1029 790 1093 sicuti
809 1031 944 1094 voluerat
962 1033 1159 1112 congressit

39 1115 119 1176 dicit
135 1133 167 1176 se
181 1114 305 1180 missum
326 1134 343 1176 a
365 1115 488 1178 consule
509 1113 624 1176 venisse
646 1115 811 1194 quaesitum
832 1116 869 1178 ab
892 1137 944 1193 eo,
965 1136 1069 1199 pacem
1086 1136 1124 1180 an

38 1200 161 1262 bellum
183 1200 345 1279 agitaturus
364 1201 451 1264 toret.
492 1199 567 1262 Tum
587 1218 640 1262 rex
662 1201 705 1262 uti
726 1211 920 1284 praeceptum
941 1202 1040 1266 fuerat
1057 1211 1155 1284 poste
1224 1259 1229 1272 ,

40 1285 126 1348 diem
141 1285 300 1346 decumum
314 1285 412 1347 redire
426 1284 524 1347 iubet:
546 1303 581 1348 ac
602 1285 676 1346 nihil
695 1285 783 1366 etiam
799 1295 862 1352 tum
877 1287 1056 1364 decrevisse,
1072 1288 1126 1352 sed
1153 1271 1248 1356 atil

39 1371 95 1432 illo
112 1370 162 1431 die
176 1389 401 1450 responsurum.
430 1369 543 1432 Deinde
564 1370 650 1432 ambo
671 1371 702 1432 in
723 1367 776 1433 'sila
797 1381 890 1435 castra
906 1373 1031 1451 digressi
1045 1381 1125 1436 sunt.

40 1455 105 1516 Sed
121 1455 174 1516 ubi
188 1455 363 1535 plerumque
380 1456 476 1518 noctis
489 1455 648 1535 prooessit,
672 1455 753 1518 Sulla
774 1475 791 1518 a
805 1457 923 1520 Boccho
945 1458 1060 1520 occulte
1076 1466 1156 1520 arat

41 1541 187 1616 cessitur;
208 1540 245 1602 ab
268 1548 397 1620 utroque
418 1547 533 1604 tantum
554 1539 643 1601 modo
665 1540 716 1602 fidi
735 1542 914 1622 interpretes
935 1542 1124 1620 adhibentur,
1174 1591 1181 1617 ,
1213 1598 1238 1637 ‚J
1296 1571 1302 1580 ·

40 1633 201 1705 praeterea
209 1624 307 1688 Dabar
318 1625 530 1701 internuntius,
542 1625 751 1688 sanctosviret
761 1645 798 1688 ex
809 1627 956 1690 sententia
967 1625 1125 1691 ambobus.
1176 1614 1192 1705 li
1214 1637 1251 1696 fec
1316 1651 1357 1692 „s

41 1711 86 1772 hc
103 1711 203 1772 statim
217 1711 327 1773 sicrex
342 1709 459 1791 incipit:
1252 1723 1258 1738 ²

129 1788 310 1874 ‘Numquam
334 1813 390 1876 ego
416 1803 499 1858 ratus
522 1813 587 1858 sum
612 1795 678 1856 fore
699 1796 744 1856 uti
762 1813 816 1857 rea
835 1814 991 1860 maxumus
1015 1797 1047 1860 in
1068 1795 1123 1860 hac
1139 1799 1192 1856 no
1268 1831 1271 1836 -

41 1889 126 1942 terra
142 1889 171 1942 et
186 1880 335 1956 omnium,
358 1899 433 1960 quos
454 1880 538 1956 novi,
560 1879 673 1960 privato
694 1879 809 1942 homini
828 1880 951 1959 gratiam
973 1881 1123 1944 deberem

42 1965 81 2027 Et
95 1966 284 2041 mehercule,
300 1966 397 2041 Sulla,
418 1973 487 2028 ante
501 1972 531 2026 te
545 1964 699 2043 cognitum
714 1965 813 2027 multis
828 1965 984 2030 orantibus
997 1967 1062 2030 aliis
1076 1967 1122 2030 ul·
1138 1975 1154 2026 2

41 2060 89 2112 tro
106 2059 227 2132 egomet
247 2069 333 2131 opem
348 2051 419 2127 tuli,
434 2050 545 2113 nullius
558 2049 681 2130 indigui.
710 2050 743 2110 ld
756 2050 953 2127 inminutum,
977 2052 1058 2130 quod
1070 2071 1123 2114 ee·
1138 2059 1153 2111 i

42 2137 100 2199 teri
116 2136 217 2198 dolere
232 2131 339 2212 solent,
355 2155 410 2217 ego
425 2136 534 2198 laetor:
550 2135 640 2197 luerit
654 2135 731 2196 mihi
742 2135 857 2215 eguisse
879 2135 1036 2218 aliquando
1051 2155 1122 2217 pre·

42 2221 118 2283 tium
134 2230 202 2282 tuae
218 2220 374 2298 amicitiae,
390 2241 448 2301 qua
463 2220 541 2302 apud
556 2220 688 2306 animum
702 2239 801 2282 meum
816 2221 890 2284 nihil
905 2221 1004 2287 carius
1016 2221 1121 2306 habeo.

43 2305 75 2367 ld
90 2307 166 2368 adeo
181 2306 310 2387 experiri
324 2306 408 2370 lieet:
424 2325 505 2368 arma
517 2306 597 2368 viros
612 2307 786 2387 pecuniam,
807 2315 958 2387 postremo
980 2307 1121 2387 quicquid
1136 2317 1152 2368 4

44 2392 146 2452 animo
160 2391 251 2465 lubet,
267 2401 458 2468 sumentem,
474 2401 503 2453 et
518 2390 616 2471 quoad
625 2391 713 2466 vives,
729 2409 892 2471 numquam
909 2392 962 2454 tibi
977 2392 1121 2454 redditam

44 2477 168 2555 gratiam
183 2477 346 2557 putaveris;
368 2494 487 2556 semper
507 2475 586 2557 apud
607 2495 654 2537 me
676 2475 792 2554 integra
807 2477 878 2538 erit:
900 2477 1029 2556 denique
1047 2478 1122 2539 nihil

43 2580 90 2624 me
110 2562 224 2624 sciente
244 2563 355 2624 frustra
373 2563 462 2626 voles.
497 2561 585 2638 Nam,
608 2569 641 2622 ut
663 2579 717 2641 ego
740 2568 889 2636 aestum0‚
909 2579 1009 2643 regem
1032 2563 1151 2626 armist

77 2716 110 2764 ab
132 2713 259 2764 insidiis.
273 2750 300 2764 ..
314 2714 417 2764 carmi:
441 2711 483 2764 die
500 2726 557 2779 per·
608 2725 640 2762 au
664 2708 709 2761 der
729 2709 849 2762 Antwcrt
880 2709 925 2762 des
946 2709 1064 2764 Bocchus
1086 2727 1120 2762 an

46 2781 162 2833 sintiche
176 2779 277 2834 Konstr.
297 2779 412 2846 dagegen
425 2782 492 2845 er,1
514 2795 558 2832 ca·
606 2778 732 2843 rechrea,
756 2775 868 2830 sondem
891 2793 937 2830 zur
957 2777 1120 2846 llerstellung

45 2853 100 2899 ocri
118 2864 216 2914 anceps
232 2849 340 2902 melum.
607 2844 653 2900 des
671 2843 877 2898 Schriltstellere.

77 2919 101 2972 3.
121 2919 284 2982 comperior:
303 2915 353 2970 wie
370 2918 412 2979 45,
433 2920 454 2968 1.
640 2911 701 2968 110.
720 2917 743 2968 1.
756 2916 882 2979 privato:
906 2911 952 2965 (las
975 2927 1029 2964 war
1047 2911 1120 2966 Sulla

76 2985 182 3037 Punica
193 2985 259 3050 fide:
276 2983 331 3038 Lir.
343 2986 385 3050 42,
396 2986 438 3049 tt,
452 2987 479 3036 t:
492 2983 558 3035 hoec
607 2997 655 3034 nur
681 2982 707 3034 in
737 2980 786 3037 den
807 2981 898 3048 Augen
924 2979 969 3033 des
992 2979 1119 3048 Bocchus,

45 3049 165 3106 lismona
195 3069 260 3117 esse,
294 3068 349 3106 non
377 3055 558 3104 oermtiamm
606 3045 667 3113 ssim,
686 3050 744 3102 dem
762 3047 854 3116 Konig,
872 3049 1025 3116 gegeuirber.

44 3119 210 3174 macconem
218 3119 469 3186 neqoecalliditctia
477 3119 558 3172 Grac·
643 3120 667 3171 3.
684 3116 783 3178 fucrit:
806 3117 947 3183 concessis,
965 3117 1015 3169 wie
1034 3117 1075 3180 31,
1094 3119 1118 3182 8,

45 3202 102 3256 cae,
138 3189 212 3273 opud
240 3204 305 3256 quos
335 3187 431 3250 fallere
444 3189 556 3270 ‘horton
607 3185 670 3264 eber
686 3186 754 3266 ohne
770 3185 865 3248 lronie;
888 3190 952 3268 teos
975 3187 1119 3264 απιίείζίαε,

45 3271 315 3390 ttmsstttttttt
333 3256 556 3392 stertuit&
606 3251 1119 3388 tllhttstttthtt·..britti

46 3390 130 3446 blicke
153 3393 221 3446 noch
242 3393 470 3458 unenoechlossem
494 3392 557 3446 han·
606 3389 657 3442 mal
678 3389 745 3443 habe
769 3388 878 3442 iremder
895 3387 970 3441 llulse
993 3387 1118 3442 bedurlen

47 3458 110 3514 delte
134 3476 218 3528 gegen
235 3460 324 3525 beide,
348 3460 419 3514 Sulla
441 3459 493 3514 und
510 3459 556 3512 Ju-
606 3461 722 3510 missen:
735 3456 810 3511 deine
822 3455 1006 3510 Frenndschalt
1017 3455 1051 3510 ist
1062 3455 1118 3509 dies

46 3531 145 3594 gurtha,
163 3528 303 3582 nnehrlich.
606 3525 684 3592 Opier
701 3524 782 3578 schoa
804 3530 881 3593 wert,
905 3524 971 3579 dean
995 3523 1034 3578 sie
1056 3523 1118 3591 geht

76 3599 232 3650 eminuisse:
249 3597 302 3663 vgl.
322 3595 362 3650 Or.
381 3595 448 3651 Phil.
469 3598 509 3650 lb.
605 3595 654 3645 mir
680 3593 744 3646 iiber
772 3592 844 3646 alles.
883 3591 940 3674 llern
958 3591 1117 3646 Relativsatz

77 3732 141 3788 109.
158 3735 183 3785 2.
195 3733 331 3787 volunat:
350 3730 459 3798 Subjekl
475 3731 555 3785 Sulla.
605 3677 712 3794 dllnd,
728 3661 966 3783 balllrlrloiblblssdblst
978 3660 1049 3781 nlbld
1065 3659 1118 3780 ldeld

77 3819 92 3852 o
111 3802 232 3854 comula:
250 3817 283 3854 zu
302 3803 360 3866 102,
379 3803 401 3853 1.
605 3798 674 3851 lhue.

77 3871 101 3922 3.
114 3886 160 3922 ac:
177 3870 262 3937 suppl.
275 3870 351 3930 dictu
365 3867 418 3935 vgl.
430 3883 463 3920 zu
476 3869 516 3932 25,
530 3871 553 3920 5.
639 3868 664 3920 4.
681 3879 846 3933 numquam.
865 3903 872 3918 .
890 3903 897 3918 .
911 3864 1065 3931 putaverim
1084 3874 1119 3914 zu

47 3929 92 3990 llas
113 3937 190 3991 Wort
213 3954 245 3990 ae
267 3938 303 3991 ist
331 3937 386 3990 also
413 3935 484 3988 nicht
507 3935 555 3988 nsit
606 3937 646 3997 85,
667 3933 709 3988 tt.
