2738 4576
244 245 305 310 168
612 245 813 308 calumum
831 245 932 298 CRISPl

241 425 281 487 lio
296 441 409 505 poenas
423 431 520 504 petat;
543 423 694 484 hominem
710 421 748 482 ob
767 420 889 482 morbos
903 421 1004 482 auimo
1026 439 1130 500 parurn
1151 421 1250 484 valido
1273 441 1312 482 se

243 510 340 572 cunda
352 509 486 570 oratioue
500 508 627 570 extollit:
646 507 729 569 illurn
745 524 855 585 regem,
867 506 1020 585 ingentem
1030 507 1134 582 virum,
1145 506 1312 568 Masinissae

242 603 382 676 nepotem
397 613 476 670 esse3
499 593 523 654 si
545 592 689 672 Iugurtha
710 600 814 673 captus
836 601 887 653 aut
908 590 1024 654 occisus
1046 593 1138 666 foret,
1160 591 1312 673 imperium

240 680 394 742 Numidiae
410 680 474 741 sine
489 696 572 739 mora
583 676 770 752 habiturum;
786 676 813 738 id
830 677 903 738 adeo
918 686 1033 739 mature
1047 696 1136 757 posse
1150 677 1313 750 evenire,si

204 775 219 824 4
240 765 304 845 ipse
320 766 425 826 consul
439 764 476 824 ad
491 764 519 823 id
536 762 647 824 bellum
662 762 770 824 missus
785 763 873 824 toret.
903 762 1005 841 ltaque
1021 771 1050 822 et
1063 761 1147 822 illum
1158 774 1188 823 et
1206 764 1312 841 equites

242 850 402 924 Romanos,
417 849 524 910 milites
540 858 569 909 et
583 848 792 926 negotiatores,
809 847 881 908 alios
895 847 968 926 ipse,
984 846 1144 926 plerosque
1158 847 1245 927 pacis
1256 866 1313 926 spes

243 936 374 1016 inpellit,
390 934 433 995 uti
447 934 572 994 Romam
589 933 623 994 ad
640 951 709 994 suos
724 933 906 994 necessarios
928 950 1033 1012 aspere
1054 932 1086 994 in
1109 932 1264 994 Metellum
1284 933 1311 992 de

205 1020 320 1082 obello
335 1019 474 1093 scribant,
492 1017 617 1081 Marium
640 1018 848 1098 imperatorem
870 1029 1004 1097 poscant.
1042 1017 1091 1078 Sic
1113 1017 1157 1078 illi
1180 1036 1198 1078 a
1221 1018 1313 1079 multis

242 1104 417 1166 mortalibus
431 1104 649 1166 honestissuma
664 1103 874 1182 suffragatione
890 1102 1062 1164 consulatus
1082 1102 1260 1182 petebatur;
1280 1102 1312 1162 si-

241 1190 305 1251 mul
319 1208 353 1250 oa
373 1196 549 1267 tempestate
569 1188 673 1269 plebs,
696 1187 850 1250 nobilitate
871 1189 935 1267 lusa
957 1204 1011 1266 per
1032 1187 1129 1266 legem
1150 1188 1311 1257 Mamiliam,

243 1293 337 1336 novos
353 1273 519 1335 extollebat.
556 1274 599 1334 lta
614 1273 707 1335 llario
722 1282 828 1335 cuncta
846 1274 1018 1353 procedere.

132 1365 174 1417 *a
191 1363 228 1418 66
319 1359 443 1421 luterim
456 1358 607 1438 Iugurtha,
623 1368 779 1439 postquam
793 1358 899 1420 omissa
913 1357 1064 1419 deditione
1078 1356 1189 1418 bellum
1208 1357 1312 1436 incipit,

243 1463 311 1506 cum
326 1461 433 1522 magna
448 1463 519 1504 cura
534 1461 639 1524 parare
651 1444 759 1519 omnia,
771 1443 921 1518 festinare,
933 1460 1041 1521 cogere
1054 1443 1237 1518 exercitum
1253 1439 1312 1502 ciri·

241 1539 331 1605 tates,
355 1547 431 1609 quae
447 1528 483 1589 ab
499 1548 531 1590 se
547 1529 732 1602 defecerant,
755 1528 914 1590 tormidine
929 1537 981 1589 aut
995 1528 1172 1590 ostentando
1189 1525 1311 1607 praemia

242 1616 404 1689 adfectare,
420 1615 606 1676 communire
629 1632 699 1676 suos
720 1614 817 1689 locos;
840 1631 920 1674 arma
934 1613 990 1674 tela
1012 1613 1143 1691 aliaque,
1167 1631 1249 1691 quae
1270 1629 1311 1688 spe

241 1701 323 1781 pacis
335 1701 480 1775 amiserat,
498 1701 622 1761 reticere
637 1710 686 1760 aut
697 1698 900 1773 commercari,
912 1695 1312 1760 servitiallomandrumadli·

243 1805 311 1848 cere
326 1795 356 1846 ct
370 1805 422 1847 eos
433 1785 522 1865 ipsos,
536 1785 586 1864 qui
598 1785 629 1846 iu
642 1784 796 1863 praesidiis
809 1793 901 1857 crant,
916 1782 1044 1863 pecunia
1055 1791 1220 1862 temptare:
1236 1799 1311 1862 pror·

205 1878 293 1934 esus
309 1871 382 1933 nihil
397 1871 542 1932 intactum
564 1889 663 1948 nequo
685 1870 819 1948 quietum
840 1869 917 1950 pati,
940 1878 1046 1930 cuncta
1068 1867 1188 1947 agitare.
1231 1868 1312 1947 Igitur

241 1957 408 2035 Vagenses,
432 1974 491 2034 quo
514 1955 649 2016 Metellus
671 1955 755 2015 initio
778 1955 918 2034 Iugurtha
941 1953 1115 2034 pacificante
1138 1953 1310 2031 praesidium

241 2042 424 2121 inposuerat,
436 2040 548 2120 fatigati
560 2040 638 2119 regis
650 2039 802 2119 suppliciis
816 2048 1018 2126 nequem—mea
1029 2038 1181 2098 voluntate
1192 2034 1310 2104 alienati,

274 2226 391 2278 secunda
409 2227 542 2275 oratione:
561 2223 692 2278 bezeichn.
711 2223 756 2277 das
807 2223 833 2275 in
856 2223 939 2275 seiuer
955 2222 1155 2291 Allgemeinheit
1177 2222 1259 2276 durch
1278 2222 1310 2272 eir

241 2292 364 2346 deutsche
382 2286 457 2344 ‘nach
474 2291 532 2344 dem
547 2290 643 2343 blundo
659 2286 756 2345 reden’.
808 2291 914 2343 atreides
939 2291 1050 2356 SubJ‘ekt
1069 2294 1211 2358 principes
1236 2292 1311 2355 cinge

275 2361 306 2410 id
323 2359 400 2411 adeo:
418 2359 471 2426 vgl.
489 2375 521 2413 au
540 2358 594 2412 Get
613 2361 654 2425 31,
674 2364 696 2413 1.
806 2359 1008 2412 scbranktwird.
1038 2358 1311 2412 bieseeinsahrtnter-

275 2434 299 2479 4.
308 2427 407 2479 militer
416 2433 442 2478 et
450 2431 644 2493 negotiatores:
657 2428 754 2495 Appos.
805 2426 837 2480 de
846 2426 1005 2494 Epexegese,
1016 2427 1117 2480 welche
1126 2427 1207 2480 durch
1217 2428 1258 2479 die
1267 2425 1312 2477 ein·

240 2511 272 2547 zu
295 2497 395 2561 equites
417 2496 500 2561 llam,
524 2511 567 2549 um
591 2495 633 2548 die
660 2496 753 2550 beiden
804 2496 966 2560 geschobene
997 2495 1311 2562 Participialbestimmung

240 2563 349 2616 lllassen
367 2579 417 2617 von
430 2568 493 2618 rdm.
505 2564 605 2618 Rittern
623 2581 655 2618 au
667 2570 753 2618 unter-
802 2563 915 2630 fatigati
930 2564 1179 2617 schomvorbereitet
1192 2564 1265 2626 wirrl,
1280 2576 1312 2611 er·

243 2632 374 2685 scheiden
807 2631 862 2684 hut
889 2631 956 2684 daun
983 2631 1049 2684 noch
1077 2631 1156 2684 durch
1184 2631 1235 2683 den
1260 2629 1311 2681 Seu

274 2717 348 2754 eaor:
368 2701 438 2754 steht
455 2717 543 2766 voran,
565 2700 624 2753 weil
643 2717 670 2753 es
688 2705 756 2754 elwa
807 2715 870 2752 nam
887 2706 936 2752 etc.
959 2700 1016 2752 eine
1037 2700 1132 2752 nabere
1150 2699 1311 2760 llrl'duteruus

191 2821 194 2836 ,
242 2769 324 2822 soviel
343 2776 402 2836 sapt
418 2770 470 2822 wie
486 2785 549 2821 naor
567 2773 685 2837 quasque.
806 2771 838 2828 ts.
856 2767 975 2820 hierdber
992 2766 1091 2820 zuGat.
1110 2770 1152 2833 68,
1169 2770 1222 2829 26).
1258 2765 1310 2817 bem

275 2842 298 2890 8.
317 2839 400 2904 legem
412 2837 573 2890 Mamiliam:
592 2853 613 2890 s.
631 2835 695 2903 Kap.
713 2840 754 2890 46.
807 2834 1121 2888 Schriltstellersebwebt
1139 2833 1312 2888 zuntchstter
1356 2859 1357 2884 ι

239 2905 323 2958 llureb
349 2905 390 2958 die
415 2904 608 2970 (lenehmigung
631 2919 686 2956 war
708 2919 755 2958 eus
805 2902 904 2955 Vorsall
927 2905 955 2955 ln
979 2904 1063 2956 seiuer
1086 2902 1247 2956 Gesamtheit
1268 2898 1311 2953 und
1355 2893 1357 2956 l

240 2974 285 3026 der
301 2976 410 3039 rogatio
428 2973 485 3024 eine
503 2973 549 3024 lea
566 2971 714 3038 geworden.
805 2971 902 3024 seinem
919 2972 1042 3038 husgeng
1066 2987 1125 3024 vor:
1153 2985 1183 3022 so
1202 2970 1311 3024 machten
1356 2975 1357 2984 ¹

273 3041 320 3096 66.
340 3046 363 3094 1.
381 3043 414 3092 ab
432 3057 472 3092 aa:
490 3040 541 3091 wie
559 3041 601 3104 61,
621 3044 643 3091 1.
804 3039 859 3092 sich
878 3039 919 3092 die
930 3038 1085 3092 Einwobner
1101 3055 1152 3092 von
1171 3038 1240 3106 Vaga
1258 3038 1312 3090 uber
1356 3081 1357 3098 ,

274 3108 434 3169 formidine:
453 3123 485 3159 au
504 3109 545 3172 21,
564 3109 587 3158 1.
805 3107 1080 3174 dierorussesetaung
1093 3107 1138 3160 her
1151 3107 1202 3159 und
1215 3103 1311 3160 metael·
1356 3151 1357 3168 ,

274 3175 429 3237 adfectare:
444 3167 485 3227 ‘au
499 3173 635 3240 gewinnen
647 3173 699 3237 (64,
717 3179 752 3260 4),
804 3179 847 3228 ten
861 3176 899 3228 sie
915 3175 1009 3239 nieder,
1031 3175 1116 3227 indem
1133 3175 1175 3227 die
1192 3171 1310 3228 Notebeln
1356 3235 1357 3240 ἵ

240 3243 286 3295 aul
301 3243 371 3295 scine
389 3240 459 3294 Seite
477 3257 509 3293 eu
533 3241 624 3294 richen
647 3242 744 3294 cuchen
804 3242 849 3295 aul
874 3242 1057 3310 Verabredung
1085 3244 1143 3304 hin,
1170 3243 1216 3295 der
1238 3239 1310 3294 llaule
1356 3259 1357 3270 ι

240 3309 300 3364 Teo.
312 3309 377 3362 llist
394 3313 419 3372 4,
432 3312 464 3362 66
484 3309 576 3361 Cicilia
592 3347 640 3362 ...
656 3313 755 3377 promi·
804 3315 914 3377 spontan
932 3310 1061 3363 handelte.
1074 3339 1106 3350 -
1118 3311 1182 3363 lline
1201 3308 1311 3364 ibnlicbe

239 3395 297 3430 mar
319 3380 442 3430 motator
470 3377 607 3438 adfectare
635 3383 684 3430 aut
707 3378 754 3429 ad·
804 3377 933 3442 Struktur,
946 3378 1008 3430 aber
1025 3379 1072 3431 mit
1083 3379 1261 3445 Erweiteruug
1272 3376 1311 3428 des

239 3447 406 3497 versantibus
422 3445 519 3496 bellam
531 3443 635 3506 infme
649 3449 753 3498 elenau.
805 3444 984 3512 auffinglicheu
1004 3445 1139 3511 smnus,
1165 3445 1246 3500 tindet
1263 3443 1310 3498 sich

273 3529 347 3564 euos:
365 3529 397 3566 au
410 3515 452 3578 64,
464 3514 494 3574 8;
512 3527 604 3579 wegen
622 3513 667 3566 der
678 3513 753 3566 Fortu
807 3515 864 3577 101,
882 3517 910 3566 t:
929 3514 1007 3567 Sulla
1084 3520 1141 3581 epae
1158 3517 1258 3581 aliique

240 3582 312 3634 locoe
328 3580 380 3647 vgl.
401 3583 441 3644 18,
459 3583 483 3633 4.
803 3581 950 3647 inuadant,
981 3582 1078 3636 ebenso
1101 3583 1148 3634 mit
1174 3583 1310 3648 Zerlegung

274 3651 298 3702 2.
317 3647 451 3713 Vagenses
467 3685 474 3700 .
489 3685 495 3699 .
508 3688 515 3702 .
530 3651 670 3714 principer
691 3663 752 3699 aaa·
803 3648 849 3701 des
863 3649 1034 3718 allgemeiucn
1044 3649 1168 3716 Subjekts
1179 3653 1221 3716 38,
1231 3654 1245 3704 3
1257 3663 1308 3700 cea·

237 3720 348 3777 iurant5
369 3731 444 3766 nam:
462 3715 507 3768 der
524 3715 578 3769 Bau
596 3714 642 3768 les
661 3714 751 3768 Sataes
803 3719 1101 3784 mama...param.
1112 3757 1119 3770 .
1130 3757 1136 3770 .
1147 3718 1212 3778 ale'e';
1231 3717 1309 3780 1661

238 3785 306 3852 aeigt
318 3785 376 3836 eine
388 3783 483 3836 leichte
495 3782 676 3846 Anaholuthie‚
689 3783 751 3836 wel·
802 3785 894 3837 Maure·
971 3791 1025 3838 tear
1036 3825 1043 3839 .
1056 3825 1063 3839 .
1076 3825 1083 3839 .
1096 3788 1158 3840 duo.
1173 3815 1204 3826 -
1218 3785 1308 3851 Wegeu

239 3854 287 3907 che
305 3851 376 3903 daria
394 3850 504 3911 beeteht,
522 3851 577 3904 dats
595 3851 641 3903 das
659 3866 691 3903 eu
709 3851 750 3904 die
799 3853 936 3906 voluntate
957 3855 1070 3907 alienati
1090 3854 1144 3922 vgl.
1160 3857 1202 3920 68,
1223 3859 1244 3908 1.
1277 3851 1307 3904 Zu

240 3919 327 3988 Spitze
351 3917 471 3985 gestellte
488 3917 598 3984 Subjtelrl
615 3919 750 3985 Vagemee
799 3921 894 3974 inibo:
930 3925 963 3977 46
982 3923 1032 3974 und
1050 3926 1092 3977 41.
