2738 4576
231 229 291 293 136
608 232 634 286 G.
654 231 808 286 slttusrl
826 230 928 286 GRlSPl

230 426 285 490 per
306 406 442 468 homines
463 405 527 468 talis
546 406 646 485 negoti
660 406 788 468 artifices
808 405 915 466 itinera
936 423 1131 486 egressusque
1153 407 1225 481 eius,
1253 427 1318 488 po-

231 502 340 554 stremo
355 493 420 553 loca
435 499 523 572 atquc
539 502 671 573 tempora
688 498 793 554 cuncta
815 490 962 570 explorat3
985 491 1101 567 deinde,
1117 491 1168 552 ubi
1186 509 1237 554 res
1255 511 1317 572 po·

194 589 211 640 6
232 577 368 651 studebat,
384 577 504 640 insidias
519 577 621 638 tendit.
651 576 744 654 Igitur
758 594 837 637 unus
853 595 887 636 cx
904 595 939 636 co
955 594 1097 650 numero,
1114 577 1168 655 qui
1183 577 1220 638 ad
1237 596 1314 638 cae-

231 663 298 724 dem
313 663 408 744 parati
423 671 517 736 erant,
535 662 624 741 paulo
639 661 836 726 inconsultius
851 661 1003 722 Massivam
1018 662 1208 740 aggreditur;
1224 663 1316 723 illum

232 749 400 823 obtruncat,
414 747 467 810 sed
482 748 545 826 ipse
557 747 777 827 deprehensus,
793 746 892 807 multis
907 746 1094 808 hortantibus
1110 756 1138 807 et
1154 747 1186 808 iu
1204 748 1317 828 primis

193 846 208 894 a
231 834 339 896 Albino
360 833 494 906 consule,
516 831 659 900 indicium
674 833 843 912 profitetur.
876 831 923 892 Fit
945 849 1014 893 rcus
1035 832 1128 910 magis
1151 851 1186 892 ex
1211 851 1316 912 aequo

230 920 371 999 bonoque
387 935 474 997 quam
488 935 523 977 ex
535 913 600 978 iure
612 917 744 998 gentium
756 917 910 992 Bomilcar,
922 932 1021 978 comes
1030 917 1105 992 cius,
1119 917 1170 997 qui
1181 917 1315 979 Romam

195 1009 210 1064 8
232 1004 289 1066 fide
304 1003 423 1085 publica
437 1011 568 1064 venerat.
598 1002 636 1064 At
649 1003 800 1083 Iugurtha,
815 1002 1000 1063 manufestus
1014 1001 1089 1062 tanti
1100 1003 1233 1078 sceleris,
1246 1023 1314 1064 nnn

232 1089 316 1171 prius
331 1087 430 1149 omisit
445 1097 547 1148 contra
562 1106 664 1149 rorum
682 1088 745 1162 niti,
758 1105 846 1166 quam
858 1087 989 1148 animum
1001 1087 1229 1166 advortitsupra
1241 1107 1314 1168 gm-

193 1182 208 1234 9
231 1175 302 1235 tiam
317 1180 404 1252 atque
419 1173 576 1253 pecuniam
590 1191 673 1244 suam
683 1172 822 1234 iuvidiam
832 1173 900 1233 facti
912 1190 986 1266 essg.
1012 1171 1115 1252 Igitur,
1128 1190 1314 1252 quamquam

232 1259 263 1320 in
279 1259 380 1339 priore
396 1257 513 1318 actione
528 1277 564 1318 cx
586 1258 687 1320 amicis
708 1257 922 1337 quinquaginta
943 1256 1031 1318 vades
1053 1257 1188 1333 dederat,
1213 1277 1314 1337 regno

232 1343 325 1424 magis
340 1361 426 1422 quam
438 1342 560 1406 vadibus
575 1344 735 1405 consulens
750 1342 824 1404 clam
837 1343 868 1404 in
880 1342 1044 1404 Numidiam
1056 1341 1256 1404 bomilcar-em
1268 1344 1314 1404 di-

232 1429 330 1503 mittit,
345 1428 456 1489 veritus
474 1447 512 1490 nc
527 1429 657 1508 reliquos
671 1428 824 1509 popularis
838 1439 935 1489 metus
945 1427 1096 1489 invaderet
1107 1429 1235 1508 parendi
1246 1428 1314 1499 sibi,

233 1513 258 1576 si
280 1513 316 1574 dc
343 1513 395 1575 illo
424 1513 602 1593 supplicium
632 1522 784 1594 sumptum
805 1515 891 1574 foret.
934 1511 972 1572 Et
993 1513 1056 1593 ipse
1078 1513 1181 1591 paucis
1202 1514 1314 1574 diebus

184 1607 212 1658 10
234 1598 337 1660 eodem
354 1599 505 1680 profanans
520 1608 579 1674 ost,
602 1600 699 1662 iussus
713 1617 729 1660 a
743 1609 848 1661 senatu
870 1597 949 1658 ltalia
964 1597 1117 1659 decedere.
1150 1597 1209 1658 Sed
1226 1603 1313 1679 p'nst·

234 1703 323 1764 quem
339 1684 434 1745 Roma
449 1702 585 1764 egressus
599 1693 658 1759 est,
678 1686 772 1746 fertur
785 1702 875 1763 saepe
895 1701 931 1744 so
948 1682 1052 1744 tacitus
1067 1683 1234 1763 respiciens
1258 1704 1312 1765 po·

234 1778 344 1834 suemn
360 1768 482 1830 dixisse:
499 1763 621 1832 ‘Urbem
636 1770 769 1831 venalem
785 1778 814 1830 et
827 1777 942 1830 mature
958 1767 1135 1848 perituram,
1151 1769 1176 1829 si
1191 1778 1312 1850 empto-

233 1873 297 1916 rem
312 1848 477 1917 invenerit?

181 1943 219 2003 tt
321 1939 443 2000 Interim
459 1938 583 2001 Albinus
596 1947 737 2003 renovato
749 1938 827 2000 bello
839 1945 1036 1999 commeatum
1047 1937 1226 2018 stipendium
1241 1940 1312 2000 alia-

235 2041 293 2104 que
307 2039 382 2104 qnae
396 2023 538 2085 militibus
559 2025 626 2086 usui
649 2025 748 2086 forent
769 2031 898 2084 maturat
918 2023 949 2083 in
964 2022 1094 2084 Africam
1115 2032 1256 2102 portare3
1280 2043 1312 2085 ac

233 2109 332 2171 statim
347 2110 410 2190 ipse
425 2110 592 2188 profectus,
607 2109 651 2169 uti
666 2117 735 2170 ante
749 2105 875 2179 comitia,
893 2109 972 2187 quod
987 2116 1104 2188 tempus
1119 2109 1195 2170 haud
1216 2108 1311 2189 longe

264 2279 291 2328 b.
302 2277 401 2324 itinera
413 2289 599 2339 emensusque:
610 2273 743 2326 Tac.Ann.
796 2274 859 2326 Sinn
876 2275 910 2326 ist
926 2269 964 2326 ‘er
981 2275 1028 2327 bot
1046 2275 1163 2342 solunge
1180 2275 1245 2328 elles
1258 2278 1310 2342 ani,

235 2346 274 2402 15,
292 2344 326 2394 bd
349 2342 421 2407 quod
443 2345 577 2392 tuntum
599 2345 744 2394 itineris
795 2358 837 2395 um
856 2358 888 2395 nu
906 2343 1066 2408 milindorp,
1084 2342 1139 2396 deis
1158 2343 1198 2396 die
1216 2343 1311 2398 Wabr-

234 2411 359 2462 aditurus
371 2413 443 2472 osset,
462 2412 539 2461 cuiue
550 2426 583 2461 ne
599 2411 745 2463 modicos
795 2411 890 2464 haitan
900 2409 1104 2478 den'lagliime‚
1114 2412 1310 2478 bisermerkte,

233 2477 338 2544 quidem
351 2492 506 2544 egressus
520 2479 667 2530 tolerarent
675 2482 746 2531 eneti
796 2479 851 2532 dale
870 2480 939 2532 scine
956 2479 1156 2547 Verbinduugcn
1177 2479 1229 2533 und
1254 2483 1310 2534 sein

234 2545 374 2629 adversum
390 2545 507 2631 [equote
527 2547 653 2616 adspectu
665 2551 745 2615 prtu-
797 2547 861 2601 deld
878 2541 1145 2631 nicbtnausreirbteu’.

233 2614 568 2738 ωριῖἑίἲθὶζίᾙῗιῖᾰηίἱυὴετ
580 2683 743 2752 Bedeutnng3
794 2615 1310 2737 rediistcdidirddboze‘iscdldildbreddcdm‘decnd

234 2751 325 2804 andus
342 2752 381 2805 als
401 2755 440 2819 12,
455 2755 478 2806 3.
795 2750 1310 2818 etwascomplicisrtereSacbenbiswei-

268 2823 292 2873 6.
311 2837 345 2872 en
363 2837 393 2873 eo
410 2835 535 2872 numne:
553 2841 586 2866 a:
602 2837 636 2871 en
653 2835 745 2872 eorum
795 2821 837 2873 len
850 2821 1026 2882 animemus,
1044 2819 1099 2872 bier
1110 2819 1156 2872 aui
1166 2820 1231 2872 nwei
1243 2819 1310 2874 Ver-

233 2903 357 2951 numeru
383 2888 436 2940 Get
459 2889 501 2953 42,
524 2889 553 2947 ὃς
577 2886 630 2952 lug.
657 2889 696 2952 18,
714 2891 743 2950 4;
795 2888 958 2954 buudluugeu
976 2890 1114 2952 (oenones)
1135 2888 1244 2942 verteilt.
1283 2889 1310 2942 ln

234 2955 329 3008 ebemo
348 2972 382 3007 en
398 2971 447 3006 mc
465 2969 576 3006 numero
593 2955 649 3008 dat
666 2957 707 3020 32,
720 2959 744 3009 3.
796 2957 841 3009 der
852 2961 937 3008 ersten
949 2955 1081 3022 verlangte
1094 2956 1139 3008 dor
1150 2954 1243 3022 lllbger
1256 2971 1311 3011 von

234 3023 292 3075 Wis
309 3023 372 3088 bier,
390 3023 437 3074 mit
455 3021 516 3087 iulg.
534 3021 616 3075 Relat.
635 3021 669 3075 im
685 3022 745 3076 Plu·
796 3024 852 3076 dem
871 3022 1050 3091 Angeldngteu
1067 3021 1232 3090 Bdrgscbait,
1250 3025 1311 3078 dnls

235 3091 282 3156 rel,
298 3095 379 3142 nnten
396 3092 438 3154 38,
456 3092 479 3142 6.
796 3107 823 3144 er
834 3091 861 3142 in
876 3090 927 3143 den
943 3091 1081 3158 folgenden
1093 3091 1309 3160 vnhnndlungen

267 3157 350 3209 indie.
361 3157 517 3224 profitetur:
530 3157 554 3210 d.
567 3156 592 3210 h.
606 3171 633 3210 er
642 3157 745 3212 machte
796 3159 945 3212 emeheinen
957 3160 1043 3213 werde
1061 3162 1213 3224 (accusator
1225 3163 1310 3214 vade·

234 3223 364 3291 ireiwillig
381 3224 423 3278 die
446 3223 496 3278 den
515 3224 588 3278 blord
612 3225 746 3279 beboilen-
796 3229 980 3293 baturrenmt
1006 3227 1033 3280 ln
1045 3228 1141 3282 diesem
1153 3225 1224 3280 rode
1235 3229 1311 3282 batte

235 3292 284 3345 den
301 3292 433 3359 bugeben.
796 3295 921 3361 lngurtba
939 3296 980 3348 fur
997 3295 1046 3349 den
1064 3297 1115 3349 ihm
1128 3296 1309 3364 dbergebenen

269 3363 292 3413 l.
314 3376 350 3412 en
369 3363 430 3412 tere
449 3363 585 3426 gestium:
612 3361 746 3414 inwieiern
797 3363 869 3417 Boin.
894 3363 935 3416 die
953 3363 1051 3431 inufzig
1067 3364 1169 3432 Burgen
1192 3365 1308 3432 gestellt

233 3427 275 3480 die
287 3427 403 3496 tnuoge
421 3442 453 3495 ge
472 3444 504 3481 en
522 3428 567 3482 das
577 3427 747 3483 lekerrecbt
830 3447 965 3498 regno...
981 3433 1132 3486 consulem:
1156 3433 1247 3485 andem
1269 3433 1307 3484 als

234 3510 296 3562 war,
312 3495 380 3548 lehrt
397 3495 443 3549 das
454 3443 575 3564 dulgende
588 3513 675 3548 eomes
686 3503 745 3564 etc,
797 3501 836 3564 13,
855 3502 901 3561 ²33
924 3499 976 3566 vgl.
999 3499 1045 3554 das
1066 3500 1186 3568 fulgendo
1204 3503 1308 3552 nerim

234 3563 347 3617 welches
369 3570 445 3617 nnter
468 3565 513 3616 der
533 3562 607 3616 Fcrm
633 3564 677 3625 der
692 3566 746 3648 dp·
796 3569 843 3620 etc.
878 3567 912 3620 Es
935 3566 1013 3620 beiist
1034 3561 1116 3621 ‘mehr
1139 3569 1185 3621 aui
1203 3569 1246 3622 die
1263 3569 1309 3621 Er-

234 3631 346 3700 position
360 3632 435 3684 einen
447 3633 566 3684 causales
575 3630 635 3684 Satn
644 3637 745 3686 vertutt
795 3635 902 3703 bal'tuug
920 3637 1004 3688 seines
1017 3635 1170 3704 llbnigtums
1187 3637 1308 3703 bedncbt,

234 3698 287 3752 und
309 3698 482 3752 ebrudunum
505 3715 536 3752 so
558 3701 693 3768 allgemein
710 3730 745 3740 -
795 3703 833 3754 als
858 3703 903 3756 anf
922 3702 972 3756 den
992 3702 1088 3757 Vorteil
1111 3703 1156 3758 der
1176 3703 1215 3758 Βῆ
1283 3700 1308 3766 '3

234 3771 291 3820 etate
306 3761 387 3820 ‘eines
398 3759 510 3820 biennes’
524 3793 558 3808 -
569 3767 690 3836 gebnltcn
700 3768 743 3824 ist
794 3769 861 3823 deon
881 3771 951 3824 disse
968 3773 1078 3825 moseten
1097 3789 1148 3826 nnn
1167 3719 1308 3826 dioffis-

267 3836 321 3901 flde
333 3837 457 3902 publica:
474 3851 508 3888 nu
523 3835 580 3892 (lat.
597 3839 639 3903 tr,
653 3841 676 3890 1.
793 3853 892 3892 summe
909 3839 1007 3893 zallen.

270 3908 293 3960 8.
315 3906 470 3972 conpedes
493 3907 583 3957 omisit
609 3909 670 3962 etc:
700 3905 744 3959 der
827 3904 874 3963 dd.
899 3912 922 3961 1.
946 3913 1008 3961 nuto
1032 3911 1151 3962 conida:
1177 3909 1218 3962 die
1241 3907 1308 3963 Frist
