2776 4574
236 265 276 328 62
550 311 553 320 .
612 268 639 322 G.
658 265 812 321 SALLUSTl
831 264 931 320 CRISPl

235 443 265 504 in
282 451 392 522 quauta
406 443 568 504 calamitate
583 443 632 518 sis,
649 451 678 503 et
691 442 863 504 memineris
877 451 906 504 te
919 442 1015 502 virum
1030 461 1110 519 esse;
1127 442 1316 519 consideres,

235 529 305 607 quid
320 537 388 590 tuae
403 529 533 634 rationes
547 527 714 608 postulent3
734 528 874 588 auxilium
888 535 971 607 petas
990 525 1027 587 ah
1043 527 1197 603 omnibus,
1221 529 1317 590 etiam

235 612 271 674 ab
287 613 406 676 infimis.

197 708 212 758 u
318 699 363 759 hd
377 699 434 760 hoc
448 699 584 760 mandata
598 697 696 758 verbis
710 697 773 758 dat:
796 715 864 760 cum
882 697 919 758 ab
935 704 1039 759 senatu
1053 698 1147 760 hostis
1162 697 1317 760 iudicatus

235 783 281 860 sit,
297 803 356 862 quo
373 783 496 846 oonsilio
512 783 628 844 servitia
642 779 798 862 repudiet?
819 782 849 843 in
872 783 947 844 urbe
962 791 1061 863 parata
1077 802 1141 845 esse
1156 801 1235 861 quae
1250 783 1317 844 ius-

235 869 321 945 serit;
343 889 382 931 ne
397 876 555 929 cunctetur
569 868 632 947 ipse
645 868 770 947 propius
785 865 935 929 accedere.

183 957 220 1014 46
323 954 376 1016 llis
390 953 480 1014 rebus
494 953 535 1014 ita
550 953 637 1028 actis,
664 953 823 1014 constituta
845 961 933 1014 nocte
955 970 1013 1031 qua
1037 953 1317 1031 proficiscerentur,

236 1039 339 1100 Cicero
354 1056 408 1118 per
430 1038 542 1117 legatos
563 1046 669 1099 cuncta
691 1038 814 1099 edoctus
828 1037 861 1097 L.
877 1038 991 1099 Valerio
1007 1037 1111 1098 Flacco
1127 1046 1157 1099 et
1172 1038 1203 1100 C.
1218 1040 1317 1100 Pom-

233 1124 318 1203 ptino
334 1123 520 1204 praetoribus
535 1123 676 1202 imperat,
697 1131 731 1185 ut
742 1123 773 1184 in
790 1131 882 1201 ponte
897 1123 1006 1184 Mulvio
1020 1141 1075 1203 per
1090 1123 1210 1186 insidias
1226 1123 1317 1186 Allo-

233 1207 361 1288 brogum
376 1208 532 1270 comitatus
547 1208 786 1289 deprehendant3
801 1226 865 1269 rem
883 1227 1002 1269 omnem
1017 1208 1121 1287 aperit,
1140 1209 1224 1272 cuius
1242 1228 1315 1289 gra-

196 1303 212 1354 2
233 1294 273 1354 tia
287 1293 495 1370 mittebantur;
510 1301 617 1369 cetera,
633 1294 677 1355 uti
692 1295 768 1354 lacto
786 1312 860 1373 opus
871 1295 920 1369 sit,
934 1293 974 1354 ita
984 1301 1073 1372 agant
1084 1294 1238 1373 permittit.
1256 1295 1313 1370 llli,

220 1379 371 1440 homines
381 1379 537 1452 militares,
552 1379 616 1441 sine
627 1379 757 1440 tumultu
768 1379 922 1457 praesidiis
937 1378 1107 1454 conlocatis,
1122 1379 1208 1440 sicuti
1219 1399 1315 1460 prae·
1337 1377 1340 1386 ’

196 1474 211 1524 3
233 1474 352 1545 ceptum
368 1470 445 1537 erat,
466 1465 581 1525 occulte
603 1473 726 1544 pontem
743 1462 892 1525 obsidunt.
922 1464 1082 1542 Postquam
1097 1464 1132 1524 ad
1148 1463 1176 1525 id
1192 1465 1253 1526 loci
1270 1466 1316 1527 lc-

234 1550 292 1630 gati
303 1567 371 1611 cum
377 1549 529 1610 Volturcio
540 1558 689 1611 venerunt
700 1558 728 1611 et
740 1548 827 1610 simul
837 1549 987 1628 utrimque
999 1549 1111 1610 clamor
1122 1558 1245 1612 exortus
1258 1559 1316 1626 est,

195 1644 211 1696 l
233 1635 307 1696 Galli
323 1635 381 1696 cito
392 1635 513 1714 cognito
529 1635 653 1696 oonsilio
664 1635 728 1696 sin'e
739 1652 822 1696 mora
836 1633 1023 1715 praetoribus
1034 1653 1066 1696 se
1077 1635 1208 1696 tradunt.
1238 1635 1316 1697 Vol-

233 1721 347 1782 turcius
361 1719 457 1800 primo
473 1720 644 1782 cohortatus
658 1728 773 1808 cetoros
788 1719 926 1800 gladiose
938 1719 1151 1781 amultitudine
1167 1719 1314 1796 defendit

234 1806 350 1880 deinde,
366 1805 417 1866 ubi
433 1823 449 1865 a
464 1805 566 1884 legatis
581 1807 714 1867 desertus
730 1813 782 1880 est,
798 1805 890 1866 molta
901 1804 985 1885 prius
996 1805 1032 1866 de
1045 1804 1138 1866 salute
1149 1823 1201 1866 sua
1216 1804 1313 1868 Pom-

233 1892 350 1971 ptinum
367 1890 538 1966 obtestatus,
555 1892 633 1969 quod
650 1891 677 1951 ei
693 1899 782 1951 notus
797 1897 868 1964 erat,
884 1898 1034 1971 postremo
1049 1889 1169 1952 timidus
1184 1909 1219 1952 ac
1232 1891 1314 1954 ritae

235 1977 372 2038 diffidens
386 1977 466 2038 velut
480 1974 615 2038 hostibus
630 1994 695 2037 sese
711 1976 899 2055 praetoribus
915 1975 1002 2036 dedit.

182 2065 219 2122 46
323 2059 438 2132 Quibus
452 2060 542 2122 rebus
557 2061 701 2122 conlectis
716 2059 815 2120 omnia
836 2078 964 2140 propere
985 2072 1041 2138 per
1055 2061 1178 2122 nuntios
1193 2063 1314 2124 consuli

195 2157 211 2208 2
232 2146 428 2210 declarantur.
465 2144 502 2205 lt
524 2145 606 2205 illum
627 2145 734 2224 ingens
755 2163 825 2206 cura
840 2154 928 2224 atque
950 2144 1056 2207 laetitia
1078 2145 1314 2227 simuloccupa·

232 2312 352 2375 Lentule]
362 2313 420 2362 etna
430 2315 545 2376 nomine,
557 2312 604 2364 aad
614 2314 669 2363 ita:
682 2310 747 2375 Quia
797 2311 838 2364 die
853 2314 984 2379 empdrten
996 2312 1149 2380 Allobroger
1160 2316 1203 2377 (zu
1216 2317 1257 2378 60,
1273 2317 1312 2383 1);

232 2384 291 2443 eim,
309 2382 375 2430 scies
388 2396 422 2431 aa
436 2396 474 2443 eo,
495 2395 572 2445 quem
589 2381 626 2431 ad
640 2383 666 2430 te
677 2381 746 2431 misi.
797 2383 846 2434 toa
865 2382 919 2445 (51)
935 2379 1015 2448 Legat
1032 2381 1133 2434 Ciceros
1150 2382 1178 2434 in
1197 2381 1314 2438 Gilicien.

235 2449 315 2513 Cura,
332 2451 364 2498 ut
379 2451 424 2498 vir
440 2450 491 2514 sie,
510 2453 536 2499 et
552 2452 651 2515 cogita,
669 2463 746 2515 quem
828 2453 911 2516 ponta
934 2448 1049 2501 Mulvio:
1080 2449 1121 2501 die
1151 2449 1312 2504 ndrdlichste

233 2520 263 2567 in
282 2516 368 2567 locum
390 2519 427 2566 sie
442 2531 608 2584 progressus.
645 2521 671 2567 et
686 2515 747 2568 vide
797 2514 978 2582 Tibcrbrticke,
991 2517 1054 2570 fiber
1066 2519 1122 2569 eine
1134 2517 1212 2570 halbe
1222 2533 1313 2586 geogr.

234 2585 301 2651 quid
317 2586 437 2636 libitam
453 2588 491 2636 eit
507 2601 619 2653 neeesse,
637 2590 663 2638 et
680 2601 747 2637 eura
796 2583 873 2637 Melle
890 2599 950 2638 vom
968 2584 1036 2636 alten
1054 2584 1127 2650 Rom,
1145 2586 1209 2650 jetzt
1226 2585 1314 2639 Ponte

232 2658 264 2704 ot
281 2656 400 2705 omnium
418 2656 468 2705 tihi
479 2655 585 2706 aemilia
604 2655 747 2720 adiungas,
797 2651 889 2718 ltlolle,
912 2652 990 2705 niher
1007 2652 1064 2706 dem
1083 2654 1232 2707 nordlichen
1251 2654 1314 2708 Ein-

233 2724 313 2774 eta'am
330 2721 494 2784 infimorum.
797 2736 880 2788 gange
902 2720 948 2774 des
969 2736 1053 2774 neuen
1074 2720 1161 2774 Roma.
1195 2721 1242 2774 Die
1267 2727 1314 2774 oia

265 2787 313 2845 45.
334 2795 356 2844 1.
374 2795 451 2843 nocte
474 2807 526 2858 qua
541 2790 746 2856 proficisceren-
795 2789 934 2841 Flaminia
952 2789 1037 2841 thhrte
1054 2788 1170 2842 dardber.
1213 2824 1216 2831 -

233 2863 292 2912 tur:
314 2858 356 2911 die
373 2858 457 2912 Necht
478 2873 536 2910 zum
558 2861 582 2911 3.
603 2857 663 2910 Dee.
686 2859 744 2912 oet.
829 2858 932 2910 Allodr.
944 2859 1098 2910 comitatam:
1116 2857 1141 2910 d.
1154 2859 1171 2913 i.
1184 2859 1312 2911 Allobro-

232 2927 294 2982 Zutn
313 2941 410 2994 genuen
429 2926 493 2994 Kap.
511 2925 562 2991 vgl.
578 2925 628 2979 Cic.
647 2924 700 2979 Cet
720 2927 744 2990 6,
793 2941 842 2990 ges
859 2930 885 2975 et
901 2940 990 2976 omnes
1012 2929 1059 2991 qut
1081 2943 1124 2978 eoa
1146 2929 1314 2980 comitaban-

232 2997 262 3058 ²3
281 3012 313 3048 zu
331 2998 373 3059 48,
392 2996 415 3046 1.
795 2999 852 3055 ιιινς
869 2989 922 3044 ‘die
934 2993 1314 3062 gauzeallohrogisohelieise-

269 3064 390 3116 Valerio:
408 3077 436 3113 er
451 3061 521 3114 hatte
539 3060 619 3112 schon
631 3060 669 3112 als
683 3061 744 3124 jun·
794 3054 978 3128 gesellscheit'.

233 3146 278 3197 ger
295 3128 371 3181 Manu
394 3134 469 3181 unter
491 3129 588 3181 seinem
610 3132 651 3189 (zu
670 3131 711 3193 33,
729 3131 744 3181 2
831 3131 855 3184 2.
873 3130 1017 3180 militares:
1037 3131 1077 3194 59,
1096 3133 1125 3191 6;
1143 3130 1197 3182 liv.
1215 3133 1258 3198 35,
1276 3134 1313 3187 26

232 3198 391 3261 erwahnten)
404 3195 482 3250 Vater
493 3196 685 3263 llriegsdienste
703 3211 746 3262 ge·
796 3197 867 3248 nihil
877 3213 909 3249 ea
926 3213 969 3248 ree
985 3199 1104 3248 animum
1116 3200 1244 3250 militaris
1257 3203 1313 3252 viri

233 3267 304 3333 than,
322 3265 389 3317 donn
402 3265 440 3317 als
452 3264 629 3332 Kriegstribun
646 3265 673 3316 iu
686 3264 745 3316 uili-
797 3270 823 3317 et
838 3266 936 3317 multoe
953 3268 1059 3331 asperti
1075 3282 1152 3318 casus
1163 3269 1313 3321 imminuit.

233 3336 299 3400 cieo,
317 3335 355 3386 als
374 3333 484 3394 Qudstor
500 3333 527 3384 in
545 3332 666 3402 Spanien‚
684 3332 745 3385 end·
830 3337 855 3388 3.
873 3337 981 3399 cognito
994 3334 1119 3386 consilto:
1137 3334 1214 3389 ndml.
1226 3333 1312 3388 durch

231 3400 745 3469 lichauchgegendiellretergekdmplt.
796 3401 837 3456 die
860 3401 1154 3454 dazwischentreteuden
1177 3402 1313 3458 Prdtoren.

233 3470 333 3538 Spita,
345 3485 396 3522 von
409 3472 458 3523 692
471 3472 524 3534 (62)
537 3485 577 3534 an,
595 3470 746 3522 vernaltete
830 3473 854 3523 4.
873 3471 957 3522 dedit:
974 3485 1026 3522 von
1044 3471 1120 3523 dedo.

233 3555 261 3591 er
271 3537 309 3590 els
322 3537 459 3607 Proprdtor
471 3538 512 3590 die
520 3536 597 3590 Prov.
606 3538 696 3599 Asien;
709 3538 744 3589 im
830 3536 877 3594 la.
889 3540 913 3591 2.
931 3541 1025 3603 ingens
1043 3554 1109 3590 eura
1121 3537 1173 3591 und
1185 3537 1231 3590 des
1243 3537 1311 3608 lolg.

230 3606 255 3659 J.
268 3609 317 3661 695
330 3608 383 3672 (59)
394 3611 476 3673 repet.
489 3605 636 3673 angeklegt
654 3605 743 3658 wurde
794 3609 895 3658 anetus
912 3605 1040 3659 sehildern
1058 3621 1122 3674 ganz
1140 3620 1312 3674 angemeseen

232 3674 441 3728 mundicia
465 3673 510 3727 der
530 3674 596 3727 noch
619 3675 744 3742 grdlsten-
794 3674 839 3727 das
859 3673 951 3726 Gesdhl
969 3674 1071 3728 Ciceros
1093 3675 1128 3726 im
1145 3673 1313 3740 Augenblick

231 3743 291 3798 teils
322 3743 468 3796 erhaltenen
498 3741 568 3796 Rede
599 3742 743 3809 verteidigt
794 3741 1310 3809 dereintretendenEntscheidung‚auch

231 3811 283 3865 und
302 3811 517 3879 lreigesprochen.
794 3826 870 3863 neon
887 3827 915 3864 er
926 3811 1018 3864 rorher
1035 3811 1083 3864 mit
1100 3810 1155 3863 sich
1172 3812 1208 3863 im
1219 3813 1311 3864 reinen

265 3881 417 3947 Pomptino:
428 3877 682 3945 erhesiegtespiten
693 3880 742 3932 693
794 3893 913 3946 genesen
931 3895 999 3945 war,
1022 3879 1072 3931 wie
1090 3879 1131 3932 die
1149 3878 1312 3934 Verbreeher

232 3952 293 4015 (61),
305 3950 343 4002 als
356 3948 492 4016 Propritor
502 3947 528 3999 iu
538 3946 740 4000 GellieNerbon.
792 3947 901 4000 bestralt
918 3948 1021 4002 werden
1038 3948 1157 4000 muleten.
