<?xml version="1.0" encoding="UTF-8"?>
<!DOCTYPE html PUBLIC "-//W3C//DTD XHTML 1.0 Transitional//EN"
    "http://www.w3.org/TR/xhtml1/DTD/xhtml1-transitional.dtd">
<html xmlns="http://www.w3.org/1999/xhtml" xml:lang="en" lang="en">
 <head>
  <title>
</title>
<meta http-equiv="Content-Type" content="text/html;charset=utf-8" />
  <meta name='ocr-system' content='tesseract 3.04.00' />
  <meta name='ocr-capabilities' content='ocr_page ocr_carea ocr_par ocr_line ocrx_word'/>
</head>
<body>
  <div class='ocr_page' id='page_1' title='image "./deconiurationec00wirzgoog_0187.png"; bbox 0 0 2738 4576; ppageno 0'>
   <div class='ocr_carea' id='block_1_1' title="bbox 249 289 947 351">
    <p class='ocr_par' dir='ltr' id='par_1_1' title="bbox 249 289 947 351">
     <span class='ocr_line' id='line_1_1' title="bbox 249 289 947 351; baseline -0.01 -1"><span class='ocrx_word' id='word_1_1' title='bbox 249 289 311 351; x_wconf 77' lang='lat'>176</span> <span class='ocrx_word' id='word_1_2' title='bbox 523 324 526 330; x_wconf 94' lang='lat'><em>·</em></span> <span class='ocrx_word' id='word_1_3' title='bbox 625 292 652 346; x_wconf 87' lang='lat' dir='ltr'>C.</span> <span class='ocrx_word' id='word_1_4' title='bbox 670 289 827 345; x_wconf 80' lang='lat' dir='ltr'>sstuusrl</span> <span class='ocrx_word' id='word_1_5' title='bbox 844 290 947 344; x_wconf 78' lang='lat' dir='ltr'>uursrl</span> 
     </span>
    </p>
   </div>
   <div class='ocr_carea' id='block_1_2' title="bbox 163 467 1323 1569">
    <p class='ocr_par' dir='ltr' id='par_1_2' title="bbox 211 467 1322 976">
     <span class='ocr_line' id='line_1_2' title="bbox 250 467 1322 548; baseline -0.003 -18"><span class='ocrx_word' id='word_1_6' title='bbox 250 469 280 530; x_wconf 95' lang='lat' dir='ltr'>in</span> <span class='ocrx_word' id='word_1_7' title='bbox 298 467 438 548; x_wconf 87' lang='lat' dir='ltr'>oppidum</span> <span class='ocrx_word' id='word_1_8' title='bbox 462 486 603 548; x_wconf 85' lang='lat' dir='ltr'>magnum</span> <span class='ocrx_word' id='word_1_9' title='bbox 625 475 715 546; x_wconf 88' lang='lat' dir='ltr'>atque</span> <span class='ocrx_word' id='word_1_10' title='bbox 738 467 928 546; x_wconf 83' lang='lat' dir='ltr'>opulentum,</span> <span class='ocrx_word' id='word_1_11' title='bbox 955 467 1008 528; x_wconf 91' lang='lat' dir='ltr'>uhi</span> <span class='ocrx_word' id='word_1_12' title='bbox 1036 467 1172 547; x_wconf 78' lang='lat' dir='ltr'>plerique</span> <span class='ocrx_word' id='word_1_13' title='bbox 1194 467 1322 528; x_wconf 75' lang='lat' dir='ltr'>thesauri</span> 
     </span>
     <span class='ocr_line' id='line_1_3' title="bbox 211 552 1321 633; baseline -0.001 -20"><span class='ocrx_word' id='word_1_14' title='bbox 211 554 438 633; x_wconf 80' lang='lat' dir='ltr'>tliliorumque</span> <span class='ocrx_word' id='word_1_15' title='bbox 462 554 525 615; x_wconf 88' lang='lat' dir='ltr'>eius</span> <span class='ocrx_word' id='word_1_16' title='bbox 548 553 658 614; x_wconf 91' lang='lat' dir='ltr'>multus</span> <span class='ocrx_word' id='word_1_17' title='bbox 680 553 823 632; x_wconf 87' lang='lat' dir='ltr'>pueritiae</span> <span class='ocrx_word' id='word_1_18' title='bbox 846 552 941 613; x_wconf 87' lang='lat' dir='ltr'>eultus</span> <span class='ocrx_word' id='word_1_19' title='bbox 957 560 1029 614; x_wconf 88' lang='lat' dir='ltr'>erat.</span> <span class='ocrx_word' id='word_1_20' title='bbox 1067 552 1151 624; x_wconf 88' lang='lat' dir='ltr'>Quae</span> <span class='ocrx_word' id='word_1_21' title='bbox 1164 561 1321 632; x_wconf 85' lang='lat' dir='ltr'>postquam</span> 
     </span>
     <span class='ocr_line' id='line_1_4' title="bbox 249 637 1322 717; baseline -0.004 -17"><span class='ocrx_word' id='word_1_22' title='bbox 249 639 366 700; x_wconf 88' lang='lat' dir='ltr'>Metello</span> <span class='ocrx_word' id='word_1_23' title='bbox 382 647 533 717; x_wconf 84' lang='lat' dir='ltr'>comperta</span> <span class='ocrx_word' id='word_1_24' title='bbox 547 645 626 711; x_wconf 85' lang='lat' dir='ltr'>sunt,</span> <span class='ocrx_word' id='word_1_25' title='bbox 643 655 822 717; x_wconf 90' lang='lat' dir='ltr'>quamquam</span> <span class='ocrx_word' id='word_1_26' title='bbox 837 638 916 698; x_wconf 91' lang='lat' dir='ltr'>inter</span> <span class='ocrx_word' id='word_1_27' title='bbox 930 637 1051 698; x_wconf 79' lang='lat' dir='ltr'>Thalam</span> <span class='ocrx_word' id='word_1_28' title='bbox 1065 638 1237 717; x_wconf 85' lang='lat' dir='ltr'>flumenque</span> <span class='ocrx_word' id='word_1_29' title='bbox 1251 656 1322 717; x_wconf 88' lang='lat' dir='ltr'>pro·</span> 
     </span>
     <span class='ocr_line' id='line_1_5' title="bbox 249 723 1321 804; baseline -0.002 -20"><span class='ocrx_word' id='word_1_30' title='bbox 249 741 369 785; x_wconf 88' lang='lat' dir='ltr'>xumum</span> <span class='ocrx_word' id='word_1_31' title='bbox 381 724 413 786; x_wconf 92' lang='lat' dir='ltr'>iu</span> <span class='ocrx_word' id='word_1_32' title='bbox 428 724 523 804; x_wconf 89' lang='lat' dir='ltr'>spatio</span> <span class='ocrx_word' id='word_1_33' title='bbox 538 723 652 784; x_wconf 91' lang='lat' dir='ltr'>milium</span> <span class='ocrx_word' id='word_1_34' title='bbox 664 723 879 802; x_wconf 82' lang='lat' dir='ltr'>quinquaginta</span> <span class='ocrx_word' id='word_1_35' title='bbox 890 723 954 783; x_wconf 83' lang='lat' dir='ltr'>lona</span> <span class='ocrx_word' id='word_1_36' title='bbox 966 723 1047 784; x_wconf 89' lang='lat' dir='ltr'>arida</span> <span class='ocrx_word' id='word_1_37' title='bbox 1061 731 1151 802; x_wconf 91' lang='lat' dir='ltr'>atque</span> <span class='ocrx_word' id='word_1_38' title='bbox 1164 731 1243 784; x_wconf 84' lang='lat' dir='ltr'>vasta</span> <span class='ocrx_word' id='word_1_39' title='bbox 1259 742 1321 784; x_wconf 89' lang='lat' dir='ltr'>esse</span> 
     </span>
     <span class='ocr_line' id='line_1_6' title="bbox 249 807 1321 889; baseline -0.002 -19"><span class='ocrx_word' id='word_1_40' title='bbox 249 818 437 889; x_wconf 79' lang='lat' dir='ltr'>cognoverat,</span> <span class='ocrx_word' id='word_1_41' title='bbox 453 817 552 869; x_wconf 91' lang='lat' dir='ltr'>tamen</span> <span class='ocrx_word' id='word_1_42' title='bbox 568 825 621 887; x_wconf 93' lang='lat' dir='ltr'>spe</span> <span class='ocrx_word' id='word_1_43' title='bbox 636 807 771 887; x_wconf 91' lang='lat' dir='ltr'>patrandi</span> <span class='ocrx_word' id='word_1_44' title='bbox 786 807 865 879; x_wconf 82' lang='lat' dir='ltr'>belli,</span> <span class='ocrx_word' id='word_1_45' title='bbox 880 807 905 868; x_wconf 91' lang='lat' dir='ltr'>si</span> <span class='ocrx_word' id='word_1_46' title='bbox 919 807 983 868; x_wconf 91' lang='lat' dir='ltr'>eius</span> <span class='ocrx_word' id='word_1_47' title='bbox 998 808 1100 886; x_wconf 85' lang='lat' dir='ltr'>oppidi</span> <span class='ocrx_word' id='word_1_48' title='bbox 1114 808 1227 888; x_wconf 90' lang='lat' dir='ltr'>potitus</span> <span class='ocrx_word' id='word_1_49' title='bbox 1237 809 1321 878; x_wconf 82' lang='lat' dir='ltr'>leret,</span> 
     </span>
     <span class='ocr_line' id='line_1_7' title="bbox 251 892 1322 976; baseline -0.001 -22"><span class='ocrx_word' id='word_1_50' title='bbox 251 895 347 956; x_wconf 89' lang='lat' dir='ltr'>omnis</span> <span class='ocrx_word' id='word_1_51' title='bbox 363 894 536 974; x_wconf 77' lang='lat' dir='ltr'><strong>asperitates</strong></span> <span class='ocrx_word' id='word_1_52' title='bbox 550 893 747 972; x_wconf 82' lang='lat' dir='ltr'>supervadere</span> <span class='ocrx_word' id='word_1_53' title='bbox 762 901 946 976; x_wconf 77' lang='lat' dir='ltr'>aqpaturam</span> <span class='ocrx_word' id='word_1_54' title='bbox 960 892 1048 954; x_wconf 90' lang='lat' dir='ltr'>etiam</span> <span class='ocrx_word' id='word_1_55' title='bbox 1059 893 1178 955; x_wconf 83' lang='lat' dir='ltr'>vincere</span> <span class='ocrx_word' id='word_1_56' title='bbox 1190 893 1322 972; x_wconf 79' lang='lat' dir='ltr'>aggredi-</span> 
     </span>
    </p>

    <p class='ocr_par' dir='ltr' id='par_1_3' title="bbox 163 977 1323 1313">
     <span class='ocr_line' id='line_1_8' title="bbox 210 977 1321 1059; baseline 0.004 -24"><span class='ocrx_word' id='word_1_57' title='bbox 210 985 227 1035; x_wconf 82' lang='grc'><strong>3</strong></span> <span class='ocrx_word' id='word_1_58' title='bbox 248 988 306 1040; x_wconf 86' lang='lat' dir='ltr'>tur.</span> <span class='ocrx_word' id='word_1_59' title='bbox 344 979 437 1059; x_wconf 81' lang='lat' dir='ltr'>Igitur</span> <span class='ocrx_word' id='word_1_60' title='bbox 460 979 558 1038; x_wconf 89' lang='lat' dir='ltr'>omnia</span> <span class='ocrx_word' id='word_1_61' title='bbox 580 978 712 1040; x_wconf 91' lang='lat' dir='ltr'>iumenta</span> <span class='ocrx_word' id='word_1_62' title='bbox 733 978 857 1040; x_wconf 78' lang='lat' dir='ltr'>sarcinis</span> <span class='ocrx_word' id='word_1_63' title='bbox 878 977 968 1038; x_wconf 76' lang='lat' dir='ltr'>leuari</span> <span class='ocrx_word' id='word_1_64' title='bbox 989 977 1074 1039; x_wconf 91' lang='lat' dir='ltr'>iubet</span> <span class='ocrx_word' id='word_1_65' title='bbox 1095 978 1152 1039; x_wconf 93' lang='lat' dir='ltr'>nisi</span> <span class='ocrx_word' id='word_1_66' title='bbox 1174 980 1321 1039; x_wconf 81' lang='lat' dir='ltr'>frumento</span> 
     </span>
     <span class='ocr_line' id='line_1_9' title="bbox 163 1049 1322 1143; baseline -0.005 -15"><span class='ocrx_word' id='word_1_67' title='bbox 163 1055 224 1128; x_wconf 55' lang='lat' dir='ltr'>N</span> <span class='ocrx_word' id='word_1_68' title='bbox 249 1064 364 1126; x_wconf 90' lang='lat' dir='ltr'>dierum</span> <span class='ocrx_word' id='word_1_69' title='bbox 379 1063 491 1137; x_wconf 83' lang='lat' dir='ltr'>decern,</span> <span class='ocrx_word' id='word_1_70' title='bbox 507 1071 637 1125; x_wconf 85' lang='lat' dir='ltr'>ueterum</span> <span class='ocrx_word' id='word_1_71' title='bbox 653 1049 728 1125; x_wconf 73' lang='lat' dir='ltr'>ioris</span> <span class='ocrx_word' id='word_1_72' title='bbox 743 1064 831 1125; x_wconf 89' lang='lat' dir='ltr'>modo</span> <span class='ocrx_word' id='word_1_73' title='bbox 846 1071 877 1124; x_wconf 91' lang='lat' dir='ltr'>et</span> <span class='ocrx_word' id='word_1_74' title='bbox 889 1063 944 1123; x_wconf 91' lang='lat' dir='ltr'>alia</span> <span class='ocrx_word' id='word_1_75' title='bbox 959 1081 1053 1141; x_wconf 88' lang='lat' dir='ltr'>aquae</span> <span class='ocrx_word' id='word_1_76' title='bbox 1075 1063 1182 1124; x_wconf 90' lang='lat' dir='ltr'>idonea</span> <span class='ocrx_word' id='word_1_77' title='bbox 1204 1064 1322 1143; x_wconf 89' lang='lat' dir='ltr'>portari.</span> 
     </span>
     <span class='ocr_line' id='line_1_10' title="bbox 212 1147 1322 1228; baseline 0.004 -22"><span class='ocrx_word' id='word_1_78' title='bbox 212 1157 227 1206; x_wconf 84' lang='lat' dir='ltr'>t</span> <span class='ocrx_word' id='word_1_79' title='bbox 249 1149 405 1210; x_wconf 88' lang='lat' dir='ltr'>Praeterea</span> <span class='ocrx_word' id='word_1_80' title='bbox 420 1148 570 1227; x_wconf 83' lang='lat' dir='ltr'>conquirit</span> <span class='ocrx_word' id='word_1_81' title='bbox 584 1167 620 1210; x_wconf 83' lang='lat' dir='ltr'>er</span> <span class='ocrx_word' id='word_1_82' title='bbox 634 1147 712 1228; x_wconf 83' lang='lat' dir='ltr'>agris</span> <span class='ocrx_word' id='word_1_83' title='bbox 730 1166 818 1227; x_wconf 88' lang='lat' dir='ltr'>quam</span> <span class='ocrx_word' id='word_1_84' title='bbox 833 1149 1005 1228; x_wconf 82' lang='lat' dir='ltr'>plurumum</span> <span class='ocrx_word' id='word_1_85' title='bbox 1027 1157 1127 1227; x_wconf 88' lang='lat' dir='ltr'>potest</span> <span class='ocrx_word' id='word_1_86' title='bbox 1146 1148 1252 1210; x_wconf 90' lang='lat' dir='ltr'>domiti</span> <span class='ocrx_word' id='word_1_87' title='bbox 1274 1169 1322 1228; x_wconf 88' lang='lat' dir='ltr'>pe·</span> 
     </span>
     <span class='ocr_line' id='line_1_11' title="bbox 250 1233 1323 1313; baseline 0.001 -20"><span class='ocrx_word' id='word_1_88' title='bbox 250 1233 344 1309; x_wconf 79' lang='lat' dir='ltr'>eoris3</span> <span class='ocrx_word' id='word_1_89' title='bbox 360 1252 395 1294; x_wconf 90' lang='lat' dir='ltr'>eo</span> <span class='ocrx_word' id='word_1_90' title='bbox 412 1233 531 1313; x_wconf 85' lang='lat' dir='ltr'>inponit</span> <span class='ocrx_word' id='word_1_91' title='bbox 543 1252 610 1294; x_wconf 88' lang='lat' dir='ltr'>vasa</span> <span class='ocrx_word' id='word_1_92' title='bbox 626 1233 880 1313; x_wconf 81' lang='lat' dir='ltr'>cuiusquemodi,</span> <span class='ocrx_word' id='word_1_93' title='bbox 896 1234 948 1294; x_wconf 88' lang='lat' dir='ltr'>sed</span> <span class='ocrx_word' id='word_1_94' title='bbox 961 1233 1104 1313; x_wconf 90' lang='lat' dir='ltr'>pleraque</span> <span class='ocrx_word' id='word_1_95' title='bbox 1125 1233 1241 1312; x_wconf 79' lang='lat' dir='ltr'>lignea,</span> <span class='ocrx_word' id='word_1_96' title='bbox 1265 1235 1323 1296; x_wconf 87' lang='lat' dir='ltr'>ool·</span> 
     </span>
    </p>

    <p class='ocr_par' dir='ltr' id='par_1_4' title="bbox 211 1318 1322 1569">
     <span class='ocr_line' id='line_1_12' title="bbox 211 1318 1322 1398; baseline 0.003 -22"><span class='ocrx_word' id='word_1_97' title='bbox 211 1328 226 1376; x_wconf 82' lang='lat'>5</span> <span class='ocrx_word' id='word_1_98' title='bbox 249 1319 324 1380; x_wconf 88' lang='lat' dir='ltr'>leeta</span> <span class='ocrx_word' id='word_1_99' title='bbox 340 1337 375 1380; x_wconf 86' lang='lat' dir='ltr'>ex</span> <span class='ocrx_word' id='word_1_100' title='bbox 390 1319 516 1398; x_wconf 84' lang='lat' dir='ltr'>tuguriis</span> <span class='ocrx_word' id='word_1_101' title='bbox 531 1319 734 1380; x_wconf 81' lang='lat' dir='ltr'>Numidarum.</span> <span class='ocrx_word' id='word_1_102' title='bbox 771 1320 815 1380; x_wconf 78' lang='lat' dir='ltr'>td</span> <span class='ocrx_word' id='word_1_103' title='bbox 832 1319 888 1379; x_wconf 87' lang='lat' dir='ltr'>hoo</span> <span class='ocrx_word' id='word_1_104' title='bbox 903 1318 1045 1379; x_wconf 83' lang='lat' dir='ltr'>finitumis</span> <span class='ocrx_word' id='word_1_105' title='bbox 1056 1318 1204 1397; x_wconf 87' lang='lat' dir='ltr'>.imperat‚</span> <span class='ocrx_word' id='word_1_106' title='bbox 1228 1321 1322 1398; x_wconf 90' lang='lat' dir='ltr'>quise</span> 
     </span>
     <span class='ocr_line' id='line_1_13' title="bbox 250 1403 1322 1484; baseline 0 -21"><span class='ocrx_word' id='word_1_107' title='bbox 250 1411 319 1483; x_wconf 91' lang='lat' dir='ltr'>post</span> <span class='ocrx_word' id='word_1_108' title='bbox 340 1405 419 1484; x_wconf 83' lang='lat' dir='ltr'>regis</span> <span class='ocrx_word' id='word_1_109' title='bbox 441 1406 540 1484; x_wconf 84' lang='lat' dir='ltr'>lugam</span> <span class='ocrx_word' id='word_1_110' title='bbox 561 1404 678 1465; x_wconf 86' lang='lat' dir='ltr'>Metello</span> <span class='ocrx_word' id='word_1_111' title='bbox 700 1404 858 1477; x_wconf 84' lang='lat' dir='ltr'>dederant,</span> <span class='ocrx_word' id='word_1_112' title='bbox 882 1421 969 1482; x_wconf 91' lang='lat' dir='ltr'>quam</span> <span class='ocrx_word' id='word_1_113' title='bbox 998 1403 1170 1482; x_wconf 86' lang='lat' dir='ltr'>plurumum</span> <span class='ocrx_word' id='word_1_114' title='bbox 1200 1405 1322 1484; x_wconf 88' lang='lat' dir='ltr'>quisque</span> 
     </span>
     <span class='ocr_line' id='line_1_14' title="bbox 250 1488 1322 1569; baseline 0 -20"><span class='ocrx_word' id='word_1_115' title='bbox 250 1507 343 1568; x_wconf 89' lang='lat' dir='ltr'>aquae</span> <span class='ocrx_word' id='word_1_116' title='bbox 358 1498 507 1568; x_wconf 89' lang='lat' dir='ltr'>portaret;</span> <span class='ocrx_word' id='word_1_117' title='bbox 530 1489 607 1549; x_wconf 91' lang='lat' dir='ltr'>diem</span> <span class='ocrx_word' id='word_1_118' title='bbox 629 1489 802 1568; x_wconf 83' lang='lat' dir='ltr'>locumque,</span> <span class='ocrx_word' id='word_1_119' title='bbox 825 1488 876 1549; x_wconf 93' lang='lat' dir='ltr'>uhi</span> <span class='ocrx_word' id='word_1_120' title='bbox 892 1497 1009 1568; x_wconf 87' lang='lat' dir='ltr'>praesto</span> <span class='ocrx_word' id='word_1_121' title='bbox 1032 1489 1145 1562; x_wconf 83' lang='lat' dir='ltr'>forent,</span> <span class='ocrx_word' id='word_1_122' title='bbox 1168 1490 1322 1569; x_wconf 86' lang='lat' dir='ltr'>praedicit;</span> 
     </span>
    </p>
   </div>
   <div class='ocr_carea' id='block_1_3' title="bbox 212 1573 1361 1655">
    <p class='ocr_par' dir='ltr' id='par_1_5' title="bbox 212 1573 1361 1655">
     <span class='ocr_line' id='line_1_15' title="bbox 212 1573 1361 1655; baseline -0.001 -20"><span class='ocrx_word' id='word_1_123' title='bbox 212 1585 227 1635; x_wconf 83' lang='lat'><strong>6</strong></span> <span class='ocrx_word' id='word_1_124' title='bbox 249 1575 312 1653; x_wconf 90' lang='lat' dir='ltr'>ipse</span> <span class='ocrx_word' id='word_1_125' title='bbox 328 1593 364 1635; x_wconf 85' lang='lat' dir='ltr'>ex</span> <span class='ocrx_word' id='word_1_126' title='bbox 378 1574 509 1649; x_wconf 85' lang='lat' dir='ltr'>flumine,</span> <span class='ocrx_word' id='word_1_127' title='bbox 526 1593 615 1653; x_wconf 91' lang='lat' dir='ltr'>quam</span> <span class='ocrx_word' id='word_1_128' title='bbox 629 1592 804 1654; x_wconf 82' lang='lat' dir='ltr'>proxumam</span> <span class='ocrx_word' id='word_1_129' title='bbox 820 1573 930 1653; x_wconf 93' lang='lat' dir='ltr'>oppido</span> <span class='ocrx_word' id='word_1_130' title='bbox 946 1591 1052 1652; x_wconf 92' lang='lat' dir='ltr'>aquam</span> <span class='ocrx_word' id='word_1_131' title='bbox 1069 1591 1133 1635; x_wconf 91' lang='lat' dir='ltr'>esse</span> <span class='ocrx_word' id='word_1_132' title='bbox 1149 1576 1322 1655; x_wconf 78' lang='lat' dir='ltr'>supradixi·</span> <span class='ocrx_word' id='word_1_133' title='bbox 1360 1593 1361 1598; x_wconf 49' lang='lat'>¹</span> 
     </span>
    </p>
   </div>
   <div class='ocr_carea' id='block_1_4' title="bbox 250 1659 1322 1737">
    <p class='ocr_par' dir='ltr' id='par_1_6' title="bbox 250 1659 1322 1737">
     <span class='ocr_line' id='line_1_16' title="bbox 250 1659 1322 1737; baseline -0.002 -16"><span class='ocrx_word' id='word_1_134' title='bbox 250 1679 331 1735; x_wconf 88' lang='lat' dir='ltr'>mus,</span> <span class='ocrx_word' id='word_1_135' title='bbox 348 1660 479 1721; x_wconf 91' lang='lat' dir='ltr'>iumenta</span> <span class='ocrx_word' id='word_1_136' title='bbox 494 1670 614 1720; x_wconf 89' lang='lat' dir='ltr'>onerat:</span> <span class='ocrx_word' id='word_1_137' title='bbox 630 1679 665 1720; x_wconf 91' lang='lat' dir='ltr'>eo</span> <span class='ocrx_word' id='word_1_138' title='bbox 681 1660 770 1720; x_wconf 92' lang='lat' dir='ltr'>modo</span> <span class='ocrx_word' id='word_1_139' title='bbox 785 1659 948 1720; x_wconf 77' lang='lat' dir='ltr'>instructus</span> <span class='ocrx_word' id='word_1_140' title='bbox 963 1659 997 1720; x_wconf 88' lang='lat' dir='ltr'>ad</span> <span class='ocrx_word' id='word_1_141' title='bbox 1019 1659 1139 1720; x_wconf 86' lang='lat' dir='ltr'>Thalam</span> <span class='ocrx_word' id='word_1_142' title='bbox 1161 1661 1322 1737; x_wconf 79' lang='lat' dir='ltr'>proficisci-</span> 
     </span>
    </p>
   </div>
   <div class='ocr_carea' id='block_1_5' title="bbox 211 1743 1361 1824">
    <p class='ocr_par' dir='ltr' id='par_1_7' title="bbox 211 1743 1361 1824">
     <span class='ocr_line' id='line_1_17' title="bbox 211 1743 1361 1824; baseline -0.003 -18"><span class='ocrx_word' id='word_1_143' title='bbox 211 1757 227 1805; x_wconf 77' lang='lat' dir='ltr'>t</span> <span class='ocrx_word' id='word_1_144' title='bbox 249 1754 306 1806; x_wconf 87' lang='lat' dir='ltr'>tur.</span> <span class='ocrx_word' id='word_1_145' title='bbox 338 1745 459 1817; x_wconf 80' lang='lat' dir='ltr'>Deinde,</span> <span class='ocrx_word' id='word_1_146' title='bbox 475 1745 527 1806; x_wconf 91' lang='lat' dir='ltr'>ubi</span> <span class='ocrx_word' id='word_1_147' title='bbox 542 1746 578 1805; x_wconf 92' lang='lat' dir='ltr'>ad</span> <span class='ocrx_word' id='word_1_148' title='bbox 593 1745 621 1805; x_wconf 93' lang='lat' dir='ltr'>id</span> <span class='ocrx_word' id='word_1_149' title='bbox 636 1745 694 1806; x_wconf 90' lang='lat' dir='ltr'>loei</span> <span class='ocrx_word' id='word_1_150' title='bbox 708 1752 839 1818; x_wconf 80' lang='lat' dir='ltr'>ventum</span> <span class='ocrx_word' id='word_1_151' title='bbox 856 1761 915 1822; x_wconf 92' lang='lat' dir='ltr'>quo</span> <span class='ocrx_word' id='word_1_152' title='bbox 931 1743 1065 1805; x_wconf 88' lang='lat' dir='ltr'>Numidis</span> <span class='ocrx_word' id='word_1_153' title='bbox 1080 1755 1284 1824; x_wconf 78' lang='lat' dir='ltr'>praeceperat,</span> <span class='ocrx_word' id='word_1_154' title='bbox 1298 1753 1322 1804; x_wconf 88' lang='lat' dir='ltr'>et</span> <span class='ocrx_word' id='word_1_155' title='bbox 1360 1761 1361 1774; x_wconf 60' lang='lat'>¹</span> 
     </span>
    </p>
   </div>
   <div class='ocr_carea' id='block_1_6' title="bbox 250 1829 1322 1912">
    <p class='ocr_par' dir='ltr' id='par_1_8' title="bbox 250 1829 1322 1912">
     <span class='ocr_line' id='line_1_18' title="bbox 250 1829 1322 1912; baseline -0.003 -21"><span class='ocrx_word' id='word_1_156' title='bbox 250 1839 345 1891; x_wconf 90' lang='lat' dir='ltr'>castra</span> <span class='ocrx_word' id='word_1_157' title='bbox 360 1831 457 1912; x_wconf 91' lang='lat' dir='ltr'>posita</span> <span class='ocrx_word' id='word_1_158' title='bbox 472 1829 644 1908; x_wconf 87' lang='lat' dir='ltr'>munitaque</span> <span class='ocrx_word' id='word_1_159' title='bbox 659 1838 739 1904; x_wconf 86' lang='lat' dir='ltr'>sunt,</span> <span class='ocrx_word' id='word_1_160' title='bbox 755 1837 836 1890; x_wconf 85' lang='lat' dir='ltr'>tanta</span> <span class='ocrx_word' id='word_1_161' title='bbox 851 1836 974 1907; x_wconf 87' lang='lat' dir='ltr'>repente</span> <span class='ocrx_word' id='word_1_162' title='bbox 987 1829 1068 1890; x_wconf 89' lang='lat' dir='ltr'>eaelo</span> <span class='ocrx_word' id='word_1_163' title='bbox 1081 1830 1169 1890; x_wconf 89' lang='lat' dir='ltr'>missa</span> <span class='ocrx_word' id='word_1_164' title='bbox 1179 1830 1224 1892; x_wconf 83' lang='lat' dir='ltr'>ris</span> <span class='ocrx_word' id='word_1_165' title='bbox 1235 1847 1322 1911; x_wconf 86' lang='lat' dir='ltr'>aquae</span> 
     </span>
    </p>
   </div>
   <div class='ocr_carea' id='block_1_7' title="bbox 211 1914 1361 1992">
    <p class='ocr_par' dir='ltr' id='par_1_9' title="bbox 211 1914 1361 1992">
     <span class='ocr_line' id='line_1_19' title="bbox 211 1914 1361 1992; baseline -0.003 -16"><span class='ocrx_word' id='word_1_166' title='bbox 211 1925 227 1976; x_wconf 81' lang='lat'>8</span> <span class='ocrx_word' id='word_1_167' title='bbox 250 1915 372 1989; x_wconf 87' lang='lat' dir='ltr'>dieitur,</span> <span class='ocrx_word' id='word_1_168' title='bbox 394 1924 428 1976; x_wconf 92' lang='lat' dir='ltr'>ut</span> <span class='ocrx_word' id='word_1_169' title='bbox 450 1933 484 1976; x_wconf 89' lang='lat' dir='ltr'>ea</span> <span class='ocrx_word' id='word_1_170' title='bbox 507 1916 594 1976; x_wconf 93' lang='lat' dir='ltr'>modo</span> <span class='ocrx_word' id='word_1_171' title='bbox 618 1914 759 1976; x_wconf 82' lang='lat' dir='ltr'>exercitui</span> <span class='ocrx_word' id='word_1_172' title='bbox 782 1914 851 1976; x_wconf 88' lang='lat' dir='ltr'>satis</span> <span class='ocrx_word' id='word_1_173' title='bbox 874 1931 1023 1992; x_wconf 89' lang='lat' dir='ltr'>superque</span> <span class='ocrx_word' id='word_1_174' title='bbox 1045 1915 1131 1975; x_wconf 83' lang='lat' dir='ltr'>soret.</span> <span class='ocrx_word' id='word_1_175' title='bbox 1169 1916 1321 1976; x_wconf 87' lang='lat' dir='ltr'>Praeterea</span> <span class='ocrx_word' id='word_1_176' title='bbox 1360 1953 1361 1974; x_wconf 52' lang='lat' dir='ltr'>i</span> 
     </span>
    </p>
   </div>
   <div class='ocr_carea' id='block_1_8' title="bbox 199 1998 1321 2420">
    <p class='ocr_par' dir='ltr' id='par_1_10' title="bbox 199 1998 1321 2420">
     <span class='ocr_line' id='line_1_20' title="bbox 250 1998 1321 2079; baseline -0.003 -18"><span class='ocrx_word' id='word_1_177' title='bbox 250 2009 433 2062; x_wconf 85' lang='lat' dir='ltr'>commeatus</span> <span class='ocrx_word' id='word_1_178' title='bbox 448 2019 501 2078; x_wconf 90' lang='lat' dir='ltr'>spe</span> <span class='ocrx_word' id='word_1_179' title='bbox 515 2000 657 2079; x_wconf 87' lang='lat' dir='ltr'>amplior,</span> <span class='ocrx_word' id='word_1_180' title='bbox 674 2000 744 2078; x_wconf 90' lang='lat' dir='ltr'>quia</span> <span class='ocrx_word' id='word_1_181' title='bbox 758 1999 916 2071; x_wconf 85' lang='lat' dir='ltr'>Numidae,</span> <span class='ocrx_word' id='word_1_182' title='bbox 931 1999 1017 2060; x_wconf 83' lang='lat' dir='ltr'>sicuti</span> <span class='ocrx_word' id='word_1_183' title='bbox 1039 1998 1174 2078; x_wconf 90' lang='lat' dir='ltr'>plerique</span> <span class='ocrx_word' id='word_1_184' title='bbox 1196 2001 1228 2061; x_wconf 95' lang='lat' dir='ltr'>in</span> <span class='ocrx_word' id='word_1_185' title='bbox 1253 2018 1321 2061; x_wconf 85' lang='lat' dir='ltr'>nora</span> 
     </span>
     <span class='ocr_line' id='line_1_21' title="bbox 212 2083 1320 2165; baseline -0.001 -20"><span class='ocrx_word' id='word_1_186' title='bbox 212 2095 227 2145; x_wconf 85' lang='grc'><strong>9</strong></span> <span class='ocrx_word' id='word_1_187' title='bbox 250 2085 415 2158; x_wconf 88' lang='lat' dir='ltr'>deditione,</span> <span class='ocrx_word' id='word_1_188' title='bbox 432 2085 527 2146; x_wconf 79' lang='lat' dir='ltr'>officia</span> <span class='ocrx_word' id='word_1_189' title='bbox 550 2084 749 2146; x_wconf 87' lang='lat' dir='ltr'>intenderant.</span> <span class='ocrx_word' id='word_1_190' title='bbox 781 2083 919 2145; x_wconf 84' lang='lat' dir='ltr'>Ceterum</span> <span class='ocrx_word' id='word_1_191' title='bbox 934 2083 1041 2145; x_wconf 87' lang='lat' dir='ltr'>milites</span> <span class='ocrx_word' id='word_1_192' title='bbox 1062 2084 1207 2164; x_wconf 82' lang='lat' dir='ltr'>religione</span> <span class='ocrx_word' id='word_1_193' title='bbox 1229 2085 1320 2165; x_wconf 84' lang='lat' dir='ltr'>pluria</span> 
     </span>
     <span class='ocr_line' id='line_1_22' title="bbox 251 2168 1320 2250; baseline -0.002 -20"><span class='ocrx_word' id='word_1_194' title='bbox 251 2171 344 2250; x_wconf 81' lang='lat' dir='ltr'>magis</span> <span class='ocrx_word' id='word_1_195' title='bbox 358 2170 421 2243; x_wconf 82' lang='lat' dir='ltr'>usi,</span> <span class='ocrx_word' id='word_1_196' title='bbox 444 2187 536 2248; x_wconf 90' lang='lat' dir='ltr'>eaque</span> <span class='ocrx_word' id='word_1_197' title='bbox 560 2187 608 2230; x_wconf 89' lang='lat' dir='ltr'>res</span> <span class='ocrx_word' id='word_1_198' title='bbox 629 2170 755 2230; x_wconf 93' lang='lat' dir='ltr'>multum</span> <span class='ocrx_word' id='word_1_199' title='bbox 776 2168 882 2230; x_wconf 87' lang='lat' dir='ltr'>animis</span> <span class='ocrx_word' id='word_1_200' title='bbox 904 2186 1009 2229; x_wconf 90' lang='lat' dir='ltr'>eorum</span> <span class='ocrx_word' id='word_1_201' title='bbox 1030 2168 1154 2245; x_wconf 89' lang='lat' dir='ltr'>addidit;</span> <span class='ocrx_word' id='word_1_202' title='bbox 1179 2188 1249 2231; x_wconf 94' lang='lat' dir='ltr'>nam</span> <span class='ocrx_word' id='word_1_203' title='bbox 1274 2169 1320 2231; x_wconf 84' lang='lat' dir='ltr'>ruti</span> 
     </span>
     <span class='ocr_line' id='line_1_23' title="bbox 250 2253 1320 2335; baseline -0.002 -19"><span class='ocrx_word' id='word_1_204' title='bbox 250 2272 314 2316; x_wconf 87' lang='lat' dir='ltr'>sese</span> <span class='ocrx_word' id='word_1_205' title='bbox 331 2254 375 2315; x_wconf 92' lang='lat' dir='ltr'>dis</span> <span class='ocrx_word' id='word_1_206' title='bbox 390 2253 595 2315; x_wconf 89' lang='lat' dir='ltr'>inmortalibus</span> <span class='ocrx_word' id='word_1_207' title='bbox 610 2271 699 2315; x_wconf 87' lang='lat' dir='ltr'>curae</span> <span class='ocrx_word' id='word_1_208' title='bbox 715 2272 788 2316; x_wconf 90' lang='lat' dir='ltr'>esse.</span> <span class='ocrx_word' id='word_1_209' title='bbox 816 2253 927 2314; x_wconf 86' lang='lat' dir='ltr'>Deinde</span> <span class='ocrx_word' id='word_1_210' title='bbox 943 2262 1063 2333; x_wconf 90' lang='lat' dir='ltr'>postero</span> <span class='ocrx_word' id='word_1_211' title='bbox 1078 2254 1125 2316; x_wconf 90' lang='lat' dir='ltr'>die</span> <span class='ocrx_word' id='word_1_212' title='bbox 1141 2264 1246 2317; x_wconf 86' lang='lat' dir='ltr'>eontra</span> <span class='ocrx_word' id='word_1_213' title='bbox 1263 2256 1320 2335; x_wconf 93' lang='lat' dir='ltr'>opi-</span> 
     </span>
     <span class='ocr_line' id='line_1_24' title="bbox 199 2338 1320 2420; baseline 0.001 -21"><span class='ocrx_word' id='word_1_214' title='bbox 199 2348 227 2399; x_wconf 85' lang='lat' dir='ltr'>lo</span> <span class='ocrx_word' id='word_1_215' title='bbox 249 2339 372 2401; x_wconf 93' lang='lat' dir='ltr'>nionem</span> <span class='ocrx_word' id='word_1_216' title='bbox 394 2338 552 2417; x_wconf 79' lang='lat' dir='ltr'>Iugurthae</span> <span class='ocrx_word' id='word_1_217' title='bbox 567 2339 604 2399; x_wconf 92' lang='lat' dir='ltr'>ad</span> <span class='ocrx_word' id='word_1_218' title='bbox 619 2338 739 2400; x_wconf 84' lang='lat' dir='ltr'>Thalam</span> <span class='ocrx_word' id='word_1_219' title='bbox 750 2338 937 2418; x_wconf 84' lang='lat' dir='ltr'>perveniunt.</span> <span class='ocrx_word' id='word_1_220' title='bbox 964 2339 1123 2419; x_wconf 82' lang='lat' dir='ltr'>Oppidani,</span> <span class='ocrx_word' id='word_1_221' title='bbox 1135 2341 1186 2420; x_wconf 92' lang='lat' dir='ltr'>qui</span> <span class='ocrx_word' id='word_1_222' title='bbox 1201 2361 1234 2402; x_wconf 89' lang='lat' dir='ltr'>se</span> <span class='ocrx_word' id='word_1_223' title='bbox 1245 2341 1320 2402; x_wconf 85' lang='lat' dir='ltr'>loeo·</span> 
     </span>
    </p>
   </div>
   <div class='ocr_carea' id='block_1_9' title="bbox 248 2470 1320 2947">
    <p class='ocr_par' dir='ltr' id='par_1_11' title="bbox 249 2470 1319 2540">
     <span class='ocr_line' id='line_1_25' title="bbox 249 2470 1319 2540; baseline -0.001 -16"><span class='ocrx_word' id='word_1_224' title='bbox 249 2470 346 2538; x_wconf 87' lang='lat' dir='ltr'>sprieht</span> <span class='ocrx_word' id='word_1_225' title='bbox 363 2487 387 2523; x_wconf 87' lang='lat' dir='ltr'>u.</span> <span class='ocrx_word' id='word_1_226' title='bbox 400 2487 423 2524; x_wconf 86' lang='lat' dir='ltr'>a.</span> <span class='ocrx_word' id='word_1_227' title='bbox 443 2471 489 2524; x_wconf 85' lang='lat' dir='ltr'>(las</span> <span class='ocrx_word' id='word_1_228' title='bbox 502 2475 571 2537; x_wconf 87' lang='grc'>11,1</span> <span class='ocrx_word' id='word_1_229' title='bbox 590 2473 701 2526; x_wconf 75' lang='lat' dir='ltr'>erzahlte</span> <span class='ocrx_word' id='word_1_230' title='bbox 714 2473 760 2524; x_wconf 88' lang='lat' dir='ltr'>Er·</span> <span class='ocrx_word' id='word_1_231' title='bbox 811 2476 901 2522; x_wconf 80' lang='lat' dir='ltr'>turam</span> <span class='ocrx_word' id='word_1_232' title='bbox 919 2477 967 2525; x_wconf 88' lang='lat' dir='ltr'>ete.</span> <span class='ocrx_word' id='word_1_233' title='bbox 986 2473 1060 2524; x_wconf 89' lang='lat' dir='ltr'>einen</span> <span class='ocrx_word' id='word_1_234' title='bbox 1075 2487 1141 2540; x_wconf 78' lang='lat' dir='ltr'>ganz</span> <span class='ocrx_word' id='word_1_235' title='bbox 1155 2474 1319 2540; x_wconf 76' lang='lat' dir='ltr'>allgemeinen</span> 
     </span>
    </p>

    <p class='ocr_par' dir='ltr' id='par_1_12' title="bbox 249 2538 1076 2609">
     <span class='ocr_line' id='line_1_26' title="bbox 249 2538 1076 2609; baseline 0 -17"><span class='ocrx_word' id='word_1_236' title='bbox 249 2539 371 2592; x_wconf 83' lang='lat' dir='ltr'>seheinen</span> <span class='ocrx_word' id='word_1_237' title='bbox 389 2540 434 2593; x_wconf 84' lang='lat' dir='ltr'>der</span> <span class='ocrx_word' id='word_1_238' title='bbox 445 2539 592 2594; x_wconf 86' lang='lat' dir='ltr'>Gesandten</span> <span class='ocrx_word' id='word_1_239' title='bbox 609 2557 660 2595; x_wconf 87' lang='lat' dir='ltr'>von</span> <span class='ocrx_word' id='word_1_240' title='bbox 673 2542 760 2609; x_wconf 86' lang='lat' dir='ltr'>Leptis</span> <span class='ocrx_word' id='word_1_241' title='bbox 812 2538 952 2592; x_wconf 78' lang='lat' dir='ltr'>Gedanlren</span> <span class='ocrx_word' id='word_1_242' title='bbox 971 2540 1076 2592; x_wconf 81' lang='lat' dir='ltr'>enthilt.</span> 
     </span>
    </p>

    <p class='ocr_par' dir='ltr' id='par_1_13' title="bbox 248 2606 1320 2742">
     <span class='ocr_line' id='line_1_27' title="bbox 248 2606 1320 2676; baseline -0.001 -17"><span class='ocrx_word' id='word_1_243' title='bbox 248 2608 290 2660; x_wconf 92' lang='lat' dir='ltr'>bei</span> <span class='ocrx_word' id='word_1_244' title='bbox 308 2606 436 2662; x_wconf 85' lang='lat' dir='ltr'>Metellus.</span> <span class='ocrx_word' id='word_1_245' title='bbox 845 2612 989 2660; x_wconf 81' lang='lat' dir='ltr'>naturam.</span> <span class='ocrx_word' id='word_1_246' title='bbox 1000 2646 1006 2660; x_wconf 95' lang='lat'>.</span> <span class='ocrx_word' id='word_1_247' title='bbox 1018 2612 1150 2660; x_wconf 73' lang='lat' dir='ltr'>‚vinemz</span> <span class='ocrx_word' id='word_1_248' title='bbox 1162 2635 1198 2654; x_wconf 89' lang='lat'><em>=</em></span> <span class='ocrx_word' id='word_1_249' title='bbox 1206 2609 1271 2676; x_wconf 78' lang='lat' dir='ltr'>plus</span> <span class='ocrx_word' id='word_1_250' title='bbox 1286 2608 1320 2671; x_wconf 72' lang='lat' dir='ltr'>sa-</span> 
     </span>
     <span class='ocr_line' id='line_1_28' title="bbox 284 2676 1320 2742; baseline 0 -14"><span class='ocrx_word' id='word_1_251' title='bbox 284 2678 382 2728; x_wconf 74' lang='lat' dir='ltr'>eullus:</span> <span class='ocrx_word' id='word_1_252' title='bbox 409 2677 515 2729; x_wconf 84' lang='lat' dir='ltr'>umlalst</span> <span class='ocrx_word' id='word_1_253' title='bbox 542 2677 586 2739; x_wconf 83' lang='lat' dir='ltr'>(im</span> <span class='ocrx_word' id='word_1_254' title='bbox 616 2676 759 2730; x_wconf 87' lang='lat' dir='ltr'>konkrelen</span> <span class='ocrx_word' id='word_1_255' title='bbox 812 2692 871 2727; x_wconf 81' lang='lat' dir='ltr'>cere</span> <span class='ocrx_word' id='word_1_256' title='bbox 889 2692 969 2742; x_wconf 84' lang='lat' dir='ltr'>quam</span> <span class='ocrx_word' id='word_1_257' title='bbox 981 2677 1320 2742; x_wconf 77' lang='lat' dir='ltr'>perremmloderhume·</span> 
     </span>
    </p>

    <p class='ocr_par' dir='ltr' id='par_1_14' title="bbox 249 2743 1318 2811">
     <span class='ocr_line' id='line_1_29' title="bbox 249 2743 1318 2811; baseline 0.003 -15"><span class='ocrx_word' id='word_1_258' title='bbox 249 2743 335 2810; x_wconf 92' lang='lat' dir='ltr'>Sinne‚</span> <span class='ocrx_word' id='word_1_259' title='bbox 353 2747 403 2798; x_wconf 87' lang='lat' dir='ltr'>wie</span> <span class='ocrx_word' id='word_1_260' title='bbox 422 2746 475 2798; x_wconf 83' lang='lat' dir='ltr'>Cat.</span> <span class='ocrx_word' id='word_1_261' title='bbox 488 2747 530 2810; x_wconf 80' lang='lat'>48,</span> <span class='ocrx_word' id='word_1_262' title='bbox 544 2747 569 2811; x_wconf 78' lang='grc'>1)</span> <span class='ocrx_word' id='word_1_263' title='bbox 587 2745 637 2798; x_wconf 84' lang='lat' dir='ltr'>elle</span> <span class='ocrx_word' id='word_1_264' title='bbox 654 2743 761 2796; x_wconf 78' lang='lat' dir='ltr'>Bedrirl-</span> <span class='ocrx_word' id='word_1_265' title='bbox 811 2746 885 2807; x_wconf 79' lang='lat' dir='ltr'>nam)</span> <span class='ocrx_word' id='word_1_266' title='bbox 901 2749 1028 2795; x_wconf 69' lang='lat' dir='ltr'>nonarum</span> <span class='ocrx_word' id='word_1_267' title='bbox 1043 2745 1193 2811; x_wconf 65' lang='lat' dir='ltr'>fier-ipone</span> <span class='ocrx_word' id='word_1_268' title='bbox 1204 2745 1318 2800; x_wconf 72' lang='lat' dir='ltr'>addetam</span> 
     </span>
    </p>

    <p class='ocr_par' dir='ltr' id='par_1_15' title="bbox 248 2809 1317 2878">
     <span class='ocr_line' id='line_1_30' title="bbox 248 2809 1317 2878; baseline -0.004 -12"><span class='ocrx_word' id='word_1_269' title='bbox 248 2814 326 2878; x_wconf 86' lang='lat' dir='ltr'>nisse,</span> <span class='ocrx_word' id='word_1_270' title='bbox 344 2813 385 2866; x_wconf 90' lang='lat' dir='ltr'>die</span> <span class='ocrx_word' id='word_1_271' title='bbox 398 2815 462 2866; x_wconf 80' lang='lat' dir='ltr'>uber</span> <span class='ocrx_word' id='word_1_272' title='bbox 473 2812 514 2864; x_wconf 90' lang='lat' dir='ltr'>die</span> <span class='ocrx_word' id='word_1_273' title='bbox 525 2813 609 2866; x_wconf 86' lang='lat' dir='ltr'>hlolse</span> <span class='ocrx_word' id='word_1_274' title='bbox 621 2812 761 2878; x_wconf 77' lang='lat' dir='ltr'>llrhaltung</span> <span class='ocrx_word' id='word_1_275' title='bbox 813 2809 994 2864; x_wconf 81' lang='lat' dir='ltr'>einAusdruek</span> <span class='ocrx_word' id='word_1_276' title='bbox 1002 2828 1054 2864; x_wconf 83' lang='lat' dir='ltr'>von</span> <span class='ocrx_word' id='word_1_277' title='bbox 1064 2813 1254 2866; x_wconf 88' lang='lat' dir='ltr'>umlassendem</span> <span class='ocrx_word' id='word_1_278' title='bbox 1262 2814 1317 2866; x_wconf 83' lang='lat' dir='ltr'>Sino</span> 
     </span>
    </p>

    <p class='ocr_par' dir='ltr' id='par_1_16' title="bbox 249 2879 1319 2947">
     <span class='ocr_line' id='line_1_31' title="bbox 249 2879 1319 2947; baseline -0.001 -14"><span class='ocrx_word' id='word_1_279' title='bbox 249 2880 759 2939; x_wconf 76' lang='lat' dir='ltr'>desleihlichenhebenshinuusreiehem</span> <span class='ocrx_word' id='word_1_280' title='bbox 811 2879 863 2932; x_wconf 92' lang='lat' dir='ltr'>und</span> <span class='ocrx_word' id='word_1_281' title='bbox 893 2880 1127 2946; x_wconf 81' lang='lat' dir='ltr'>spriehwdrtlicher</span> <span class='ocrx_word' id='word_1_282' title='bbox 1148 2880 1243 2947; x_wconf 89' lang='lat' dir='ltr'>Natnr,</span> <span class='ocrx_word' id='word_1_283' title='bbox 1269 2883 1319 2934; x_wconf 88' lang='lat' dir='ltr'>deu</span> 
     </span>
    </p>
   </div>
   <div class='ocr_carea' id='block_1_10' title="bbox 248 2943 1358 3019">
    <p class='ocr_par' dir='ltr' id='par_1_17' title="bbox 248 2943 1358 3019">
     <span class='ocr_line' id='line_1_32' title="bbox 248 2943 1358 3019; baseline -0.002 -19"><span class='ocrx_word' id='word_1_284' title='bbox 248 2949 303 3002; x_wconf 81' lang='lat' dir='ltr'>also</span> <span class='ocrx_word' id='word_1_285' title='bbox 312 2953 449 3017; x_wconf 78' lang='lat' dir='ltr'>pueritiae</span> <span class='ocrx_word' id='word_1_286' title='bbox 462 2949 550 3000; x_wconf 78' lang='lat' dir='ltr'>cultus</span> <span class='ocrx_word' id='word_1_287' title='bbox 568 2948 609 2999; x_wconf 83' lang='lat' dir='ltr'>die</span> <span class='ocrx_word' id='word_1_288' title='bbox 622 2963 680 2998; x_wconf 82' lang='lat' dir='ltr'>rum</span> <span class='ocrx_word' id='word_1_289' title='bbox 692 2951 761 3000; x_wconf 88' lang='lat' dir='ltr'>sten-</span> <span class='ocrx_word' id='word_1_290' title='bbox 811 2947 953 3000; x_wconf 89' lang='lat' dir='ltr'>deutschen</span> <span class='ocrx_word' id='word_1_291' title='bbox 964 2943 1019 3000; x_wconf 88' lang='lat' dir='ltr'>‘das</span> <span class='ocrx_word' id='word_1_292' title='bbox 1031 2947 1201 3014; x_wconf 71' lang='lat' dir='ltr'>Unmdgliche</span> <span class='ocrx_word' id='word_1_293' title='bbox 1213 2949 1318 3019; x_wconf 74' lang='lat' dir='ltr'>moglieh</span> <span class='ocrx_word' id='word_1_294' title='bbox 1357 2965 1358 2970; x_wconf 46' lang='lat'>¹</span> 
     </span>
    </p>
   </div>
   <div class='ocr_carea' id='block_1_11' title="bbox 245 3011 1319 3763">
    <p class='ocr_par' dir='ltr' id='par_1_18' title="bbox 245 3011 1319 3558">
     <span class='ocr_line' id='line_1_33' title="bbox 249 3011 1319 3084; baseline 0.004 -16"><span class='ocrx_word' id='word_1_295' title='bbox 249 3016 420 3084; x_wconf 79' lang='lat' dir='ltr'>desmilsigen</span> <span class='ocrx_word' id='word_1_296' title='bbox 430 3015 566 3068; x_wconf 87' lang='lat' dir='ltr'>Unterhalt</span> <span class='ocrx_word' id='word_1_297' title='bbox 577 3015 629 3068; x_wconf 91' lang='lat' dir='ltr'>und</span> <span class='ocrx_word' id='word_1_298' title='bbox 641 3031 687 3068; x_wconf 84' lang='lat' dir='ltr'>zur</span> <span class='ocrx_word' id='word_1_299' title='bbox 695 3015 759 3067; x_wconf 78' lang='lat' dir='ltr'>Aus-</span> <span class='ocrx_word' id='word_1_300' title='bbox 811 3011 925 3068; x_wconf 87' lang='lat' dir='ltr'>maehen&#39;</span> <span class='ocrx_word' id='word_1_301' title='bbox 945 3015 1144 3084; x_wconf 82' lang='lat' dir='ltr'>entspreehend3</span> <span class='ocrx_word' id='word_1_302' title='bbox 1168 3018 1268 3072; x_wconf 84' lang='lat' dir='ltr'>eheuso</span> <span class='ocrx_word' id='word_1_303' title='bbox 1287 3020 1319 3072; x_wconf 81' lang='grc'>16.</span> 
     </span>
     <span class='ocr_line' id='line_1_34' title="bbox 249 3081 1317 3151; baseline -0.003 -15"><span class='ocrx_word' id='word_1_304' title='bbox 249 3088 364 3151; x_wconf 76' lang='lat' dir='ltr'>stattnng</span> <span class='ocrx_word' id='word_1_305' title='bbox 375 3084 420 3136; x_wconf 91' lang='lat' dir='ltr'>der</span> <span class='ocrx_word' id='word_1_306' title='bbox 428 3083 593 3149; x_wconf 75' lang='lat' dir='ltr'>hinigliehen</span> <span class='ocrx_word' id='word_1_307' title='bbox 601 3081 707 3136; x_wconf 85' lang='lat' dir='ltr'>Knaben</span> <span class='ocrx_word' id='word_1_308' title='bbox 718 3098 762 3150; x_wconf 78' lang='lat' dir='ltr'>ge·</span> <span class='ocrx_word' id='word_1_309' title='bbox 814 3087 841 3146; x_wconf 87' lang='lat'>1,</span> <span class='ocrx_word' id='word_1_310' title='bbox 859 3083 912 3149; x_wconf 79' lang='lat' dir='ltr'>vgl.</span> <span class='ocrx_word' id='word_1_311' title='bbox 931 3084 1002 3136; x_wconf 86' lang='lat' dir='ltr'>Caes.</span> <span class='ocrx_word' id='word_1_312' title='bbox 1021 3083 1049 3136; x_wconf 92' lang='grc' dir='ltr'>Β.</span> <span class='ocrx_word' id='word_1_313' title='bbox 1064 3084 1092 3137; x_wconf 88' lang='lat' dir='ltr'>G.</span> <span class='ocrx_word' id='word_1_314' title='bbox 1111 3089 1135 3148; x_wconf 85' lang='grc'>6,</span> <span class='ocrx_word' id='word_1_315' title='bbox 1148 3087 1223 3148; x_wconf 71' lang='grc' dir='ltr'>43ς5</span> <span class='ocrx_word' id='word_1_316' title='bbox 1245 3093 1317 3138; x_wconf 85' lang='lat' dir='ltr'>nt...</span> 
     </span>
     <span class='ocr_line' id='line_1_35' title="bbox 247 3151 1319 3218; baseline 0 -16"><span class='ocrx_word' id='word_1_317' title='bbox 247 3151 355 3216; x_wconf 77' lang='lat' dir='ltr'>hdrigen</span> <span class='ocrx_word' id='word_1_318' title='bbox 372 3151 461 3217; x_wconf 78' lang='lat' dir='ltr'>Dinge.</span> <span class='ocrx_word' id='word_1_319' title='bbox 810 3167 896 3218; x_wconf 82' lang='lat' dir='ltr'>paene</span> <span class='ocrx_word' id='word_1_320' title='bbox 919 3157 1047 3204; x_wconf 81' lang='lat' dir='ltr'>naturam</span> <span class='ocrx_word' id='word_1_321' title='bbox 1070 3153 1159 3205; x_wconf 75' lang='lat' dir='ltr'>studio</span> <span class='ocrx_word' id='word_1_322' title='bbox 1179 3157 1319 3208; x_wconf 78' lang='lat' dir='ltr'>uincerent.</span> 
     </span>
     <span class='ocr_line' id='line_1_36' title="bbox 283 3213 1086 3284; baseline 0.005 -13"><span class='ocrx_word' id='word_1_323' title='bbox 283 3221 306 3271; x_wconf 81' lang='lat'>2.</span> <span class='ocrx_word' id='word_1_324' title='bbox 334 3222 364 3271; x_wconf 81' lang='lat' dir='ltr'>in</span> <span class='ocrx_word' id='word_1_325' title='bbox 418 3222 489 3270; x_wconf 82' lang='lat' dir='ltr'>atio:</span> <span class='ocrx_word' id='word_1_326' title='bbox 517 3213 665 3271; x_wconf 83' lang='lat' dir='ltr'>‘innerhalb</span> <span class='ocrx_word' id='word_1_327' title='bbox 690 3219 760 3272; x_wconf 90' lang='lat' dir='ltr'>eines</span> <span class='ocrx_word' id='word_1_328' title='bbox 846 3223 870 3272; x_wconf 81' lang='lat'>4.</span> <span class='ocrx_word' id='word_1_329' title='bbox 889 3236 933 3272; x_wconf 84' lang='lat' dir='ltr'>eo:</span> <span class='ocrx_word' id='word_1_330' title='bbox 952 3237 984 3272; x_wconf 83' lang='lat' dir='ltr'>zu</span> <span class='ocrx_word' id='word_1_331' title='bbox 1002 3223 1042 3284; x_wconf 80' lang='lat'>47,</span> <span class='ocrx_word' id='word_1_332' title='bbox 1061 3223 1086 3275; x_wconf 80' lang='grc'><strong><em>2.</em></strong></span> 
     </span>
     <span class='ocr_line' id='line_1_37' title="bbox 248 3235 1318 3358; baseline 0.002 -22"><span class='ocrx_word' id='word_1_333' title='bbox 248 3282 374 3347; x_wconf 83' lang='lat' dir='ltr'>Renmes’;</span> <span class='ocrx_word' id='word_1_334' title='bbox 387 3235 433 3340; x_wconf 52' lang='lat' dir='ltr'>ffle</span> <span class='ocrx_word' id='word_1_335' title='bbox 448 3285 610 3353; x_wconf 78' lang='lat' dir='ltr'>Priposition</span> <span class='ocrx_word' id='word_1_336' title='bbox 628 3302 688 3338; x_wconf 87' lang='lat' dir='ltr'>vom</span> <span class='ocrx_word' id='word_1_337' title='bbox 700 3286 759 3339; x_wconf 85' lang='lat' dir='ltr'>Orte</span> <span class='ocrx_word' id='word_1_338' title='bbox 846 3290 868 3340; x_wconf 91' lang='grc'><strong><em>6.</em></strong></span> <span class='ocrx_word' id='word_1_339' title='bbox 892 3304 1069 3354; x_wconf 72' lang='lat' dir='ltr'>presumant:</span> <span class='ocrx_word' id='word_1_340' title='bbox 1096 3289 1200 3355; x_wconf 77' lang='lat' dir='ltr'>eigentl.</span> <span class='ocrx_word' id='word_1_341' title='bbox 1226 3288 1318 3358; x_wconf 87' lang='lat' dir='ltr'>Superl.</span> 
     </span>
     <span class='ocr_line' id='line_1_38' title="bbox 247 3354 1318 3424; baseline 0.001 -17"><span class='ocrx_word' id='word_1_342' title='bbox 247 3354 389 3420; x_wconf 74' lang='lat' dir='ltr'>gebnnctt</span> <span class='ocrx_word' id='word_1_343' title='bbox 406 3355 456 3408; x_wconf 85' lang='lat' dir='ltr'>wie</span> <span class='ocrx_word' id='word_1_344' title='bbox 473 3371 524 3406; x_wconf 87' lang='lat' dir='ltr'>von</span> <span class='ocrx_word' id='word_1_345' title='bbox 543 3354 655 3408; x_wconf 89' lang='lat' dir='ltr'>derZeit</span> <span class='ocrx_word' id='word_1_346' title='bbox 671 3354 713 3407; x_wconf 90' lang='lat' dir='ltr'>hei</span> <span class='ocrx_word' id='word_1_347' title='bbox 730 3358 759 3406; x_wconf 81' lang='lat' dir='ltr'>in</span> <span class='ocrx_word' id='word_1_348' title='bbox 812 3355 861 3407; x_wconf 84' lang='lat' dir='ltr'>wie</span> <span class='ocrx_word' id='word_1_349' title='bbox 886 3355 902 3422; x_wconf 65' lang='grc'><strong>5</strong></span> <span class='ocrx_word' id='word_1_350' title='bbox 928 3358 943 3409; x_wconf 78' lang='grc'>1</span> <span class='ocrx_word' id='word_1_351' title='bbox 967 3357 993 3407; x_wconf 94' lang='lat' dir='ltr'>in</span> <span class='ocrx_word' id='word_1_352' title='bbox 1015 3357 1073 3409; x_wconf 89' lang='lat' dir='ltr'>dem</span> <span class='ocrx_word' id='word_1_353' title='bbox 1096 3355 1187 3424; x_wconf 86' lang='lat' dir='ltr'>Sinne,</span> <span class='ocrx_word' id='word_1_354' title='bbox 1216 3357 1275 3412; x_wconf 85' lang='lat' dir='ltr'>dass</span> <span class='ocrx_word' id='word_1_355' title='bbox 1297 3371 1318 3408; x_wconf 86' lang='lat' dir='ltr'>es</span> 
     </span>
     <span class='ocr_line' id='line_1_39' title="bbox 245 3421 1318 3490; baseline 0.002 -16"><span class='ocrx_word' id='word_1_356' title='bbox 245 3421 303 3486; x_wconf 81' lang='lat' dir='ltr'>die,</span> <span class='ocrx_word' id='word_1_357' title='bbox 327 3426 356 3474; x_wconf 82' lang='lat' dir='ltr'>in</span> <span class='ocrx_word' id='word_1_358' title='bbox 379 3440 458 3477; x_wconf 82' lang='lat' dir='ltr'>anno.</span> <span class='ocrx_word' id='word_1_359' title='bbox 497 3423 532 3476; x_wconf 90' lang='lat' dir='ltr'>Zu</span> <span class='ocrx_word' id='word_1_360' title='bbox 555 3423 702 3490; x_wconf 85' lang='lat' dir='ltr'>supplieren</span> <span class='ocrx_word' id='word_1_361' title='bbox 725 3423 759 3475; x_wconf 86' lang='lat' dir='ltr'>ist</span> <span class='ocrx_word' id='word_1_362' title='bbox 810 3422 903 3475; x_wconf 86' lang='lat' dir='ltr'>keinen</span> <span class='ocrx_word' id='word_1_363' title='bbox 922 3423 1115 3478; x_wconf 74' lang='lat' dir='ltr'>niherenlllnls</span> <span class='ocrx_word' id='word_1_364' title='bbox 1132 3425 1174 3477; x_wconf 87' lang='lat' dir='ltr'>hei</span> <span class='ocrx_word' id='word_1_365' title='bbox 1193 3425 1239 3478; x_wconf 85' lang='lat' dir='ltr'>der</span> <span class='ocrx_word' id='word_1_366' title='bbox 1252 3425 1318 3480; x_wconf 86' lang='lat' dir='ltr'>Stadt</span> 
     </span>
     <span class='ocr_line' id='line_1_40' title="bbox 245 3491 868 3558; baseline 0.005 -17"><span class='ocrx_word' id='word_1_367' title='bbox 245 3506 381 3558; x_wconf 69' lang='lat' dir='ltr'>patmum,</span> <span class='ocrx_word' id='word_1_368' title='bbox 399 3493 449 3544; x_wconf 87' lang='lat' dir='ltr'>wie</span> <span class='ocrx_word' id='word_1_369' title='bbox 467 3494 508 3554; x_wconf 85' lang='grc'>91,</span> <span class='ocrx_word' id='word_1_370' title='bbox 521 3493 553 3553; x_wconf 81' lang='lat'>3;</span> <span class='ocrx_word' id='word_1_371' title='bbox 574 3493 630 3556; x_wconf 82' lang='lat'><strong>106,</strong></span> <span class='ocrx_word' id='word_1_372' title='bbox 643 3494 666 3544; x_wconf 82' lang='lat'>⁵.</span> <span class='ocrx_word' id='word_1_373' title='bbox 810 3491 868 3558; x_wconf 75' lang='lat' dir='ltr'>gub.</span> 
     </span>
    </p>

    <p class='ocr_par' dir='ltr' id='par_1_19' title="bbox 246 3555 1318 3763">
     <span class='ocr_line' id='line_1_41' title="bbox 281 3555 1318 3628; baseline 0.003 -18"><span class='ocrx_word' id='word_1_374' title='bbox 281 3561 338 3612; x_wconf 76' lang='lat' dir='ltr'>eires</span> <span class='ocrx_word' id='word_1_375' title='bbox 360 3561 463 3628; x_wconf 83' lang='lat' dir='ltr'>oppidi:</span> <span class='ocrx_word' id='word_1_376' title='bbox 489 3560 541 3626; x_wconf 80' lang='lat' dir='ltr'>vgl.</span> <span class='ocrx_word' id='word_1_377' title='bbox 565 3561 606 3625; x_wconf 82' lang='grc'>16,</span> <span class='ocrx_word' id='word_1_378' title='bbox 625 3563 639 3611; x_wconf 79' lang='lat'><strong>5</strong></span> <span class='ocrx_word' id='word_1_379' title='bbox 661 3562 757 3627; x_wconf 76' lang='lat' dir='ltr'>oppido</span> <span class='ocrx_word' id='word_1_380' title='bbox 845 3563 867 3611; x_wconf 83' lang='grc'>1.</span> <span class='ocrx_word' id='word_1_381' title='bbox 887 3576 917 3609; x_wconf 80' lang='lat' dir='ltr'>ea</span> <span class='ocrx_word' id='word_1_382' title='bbox 936 3561 1027 3614; x_wconf 85' lang='lat' dir='ltr'>modo:</span> <span class='ocrx_word' id='word_1_383' title='bbox 1044 3555 1135 3614; x_wconf 86' lang='lat' dir='ltr'>‘sehon</span> <span class='ocrx_word' id='word_1_384' title='bbox 1153 3561 1239 3616; x_wconf 89' lang='lat' dir='ltr'>dieses</span> <span class='ocrx_word' id='word_1_385' title='bbox 1253 3561 1318 3614; x_wconf 85' lang='lat' dir='ltr'>Wes-</span> 
     </span>
     <span class='ocr_line' id='line_1_42' title="bbox 246 3621 1317 3695; baseline 0.002 -17"><span class='ocrx_word' id='word_1_386' title='bbox 246 3629 378 3693; x_wconf 81' lang='lat' dir='ltr'>...pote&#39;ti</span> <span class='ocrx_word' id='word_1_387' title='bbox 394 3628 446 3681; x_wconf 92' lang='lat' dir='ltr'>und</span> <span class='ocrx_word' id='word_1_388' title='bbox 458 3631 499 3691; x_wconf 79' lang='lat' dir='ltr'>tt,</span> <span class='ocrx_word' id='word_1_389' title='bbox 512 3631 536 3681; x_wconf 83' lang='grc'><strong><em>3.</em></strong></span> <span class='ocrx_word' id='word_1_390' title='bbox 570 3627 644 3680; x_wconf 84' lang='lat' dir='ltr'>ludes</span> <span class='ocrx_word' id='word_1_391' title='bbox 662 3628 696 3680; x_wconf 92' lang='lat' dir='ltr'>ist</span> <span class='ocrx_word' id='word_1_392' title='bbox 714 3627 758 3682; x_wconf 88' lang='lat' dir='ltr'>der</span> <span class='ocrx_word' id='word_1_393' title='bbox 809 3621 872 3686; x_wconf 85' lang='lat' dir='ltr'>ser‘;</span> <span class='ocrx_word' id='word_1_394' title='bbox 897 3627 923 3679; x_wconf 95' lang='lat' dir='ltr'>in</span> <span class='ocrx_word' id='word_1_395' title='bbox 949 3629 1027 3680; x_wconf 86' lang='lat' dir='ltr'>modo</span> <span class='ocrx_word' id='word_1_396' title='bbox 1051 3629 1116 3695; x_wconf 77' lang='lat' dir='ltr'>liegt</span> <span class='ocrx_word' id='word_1_397' title='bbox 1140 3623 1224 3684; x_wconf 81' lang='lat' dir='ltr'>‘auch</span> <span class='ocrx_word' id='word_1_398' title='bbox 1249 3644 1317 3684; x_wconf 83' lang='lat' dir='ltr'>wenn</span> 
     </span>
     <span class='ocr_line' id='line_1_43' title="bbox 248 3691 1316 3763; baseline 0.003 -17"><span class='ocrx_word' id='word_1_399' title='bbox 248 3693 356 3748; x_wconf 85' lang='lat' dir='ltr'>Genetiv</span> <span class='ocrx_word' id='word_1_400' title='bbox 374 3696 416 3749; x_wconf 92' lang='lat' dir='ltr'>hei</span> <span class='ocrx_word' id='word_1_401' title='bbox 435 3694 532 3749; x_wconf 83' lang='lat' dir='ltr'>Sallust</span> <span class='ocrx_word' id='word_1_402' title='bbox 550 3693 671 3762; x_wconf 76' lang='lat' dir='ltr'>hhufiger.</span> <span class='ocrx_word' id='word_1_403' title='bbox 810 3695 900 3747; x_wconf 84' lang='lat' dir='ltr'>heines</span> <span class='ocrx_word' id='word_1_404' title='bbox 923 3697 1092 3763; x_wconf 79' lang='lat' dir='ltr'>mitgehraeht</span> <span class='ocrx_word' id='word_1_405' title='bbox 1116 3697 1220 3752; x_wconf 89' lang='lat' dir='ltr'>worden</span> <span class='ocrx_word' id='word_1_406' title='bbox 1241 3691 1316 3752; x_wconf 82' lang='lat' dir='ltr'>wirre’</span> 
     </span>
    </p>
   </div>
   <div class='ocr_carea' id='block_1_12' title="bbox 243 3758 1317 4036">
    <p class='ocr_par' dir='ltr' id='par_1_20' title="bbox 243 3758 1317 4036">
     <span class='ocr_line' id='line_1_44' title="bbox 275 3758 1317 3850; baseline 0.002 -35"><span class='ocrx_word' id='word_1_407' title='bbox 275 3763 685 3830; x_wconf 71' lang='lat' dir='ltr'>asperitatoetnimliehloeomm</span> <span class='ocrx_word' id='word_1_408' title='bbox 707 3781 758 3816; x_wconf 82' lang='lat' dir='ltr'>uae</span> <span class='ocrx_word' id='word_1_409' title='bbox 811 3762 872 3815; x_wconf 88' lang='lat' dir='ltr'>oder</span> <span class='ocrx_word' id='word_1_410' title='bbox 891 3758 954 3816; x_wconf 87' lang='lat' dir='ltr'>‘des</span> <span class='ocrx_word' id='word_1_411' title='bbox 978 3765 1162 3850; x_wconf 73' lang='lat' dir='ltr'>npitgehruchte</span> <span class='ocrx_word' id='word_1_412' title='bbox 1185 3782 1230 3836; x_wconf 74' lang='lat' dir='ltr'>gar</span> <span class='ocrx_word' id='word_1_413' title='bbox 1255 3767 1317 3820; x_wconf 82' lang='lat' dir='ltr'>nictu</span> 
     </span>
     <span class='ocr_line' id='line_1_45' title="bbox 245 3781 964 3900; baseline 0 -17"><span class='ocrx_word' id='word_1_414' title='bbox 245 3835 407 3893; x_wconf 57' lang='lat' dir='ltr'>internarum</span> <span class='ocrx_word' id='word_1_415' title='bbox 421 3848 441 3886; x_wconf 92' lang='lat' dir='ltr'>s.</span> <span class='ocrx_word' id='word_1_416' title='bbox 454 3833 470 3898; x_wconf 60' lang='grc' dir='ltr'><strong>ᾗ</strong></span> <span class='ocrx_word' id='word_1_417' title='bbox 485 3835 528 3886; x_wconf 82' lang='lat' dir='ltr'>ld:</span> <span class='ocrx_word' id='word_1_418' title='bbox 546 3832 584 3886; x_wconf 84' lang='lat' dir='ltr'>als</span> <span class='ocrx_word' id='word_1_419' title='bbox 596 3781 760 3898; x_wconf 56' lang='lat' dir='ltr'>spezielhaul</span> <span class='ocrx_word' id='word_1_420' title='bbox 810 3826 964 3900; x_wconf 75' lang='lat' dir='ltr'>gereehnet&#39;.</span> 
     </span>
     <span class='ocr_line' id='line_1_46' title="bbox 245 3899 1317 3968; baseline 0 -16"><span class='ocrx_word' id='word_1_421' title='bbox 245 3899 287 3953; x_wconf 88' lang='lat' dir='ltr'>die</span> <span class='ocrx_word' id='word_1_422' title='bbox 304 3900 510 3954; x_wconf 81' lang='lat' dir='ltr'>Besehnffenheit</span> <span class='ocrx_word' id='word_1_423' title='bbox 528 3899 573 3953; x_wconf 82' lang='lat' dir='ltr'>der</span> <span class='ocrx_word' id='word_1_424' title='bbox 590 3900 696 3968; x_wconf 76' lang='lat' dir='ltr'>Gegend</span> <span class='ocrx_word' id='word_1_425' title='bbox 713 3902 758 3954; x_wconf 85' lang='lat' dir='ltr'>he·</span> <span class='ocrx_word' id='word_1_426' title='bbox 843 3903 867 3953; x_wconf 85' lang='lat'>8.</span> <span class='ocrx_word' id='word_1_427' title='bbox 879 3903 909 3951; x_wconf 83' lang='lat' dir='ltr'>in</span> <span class='ocrx_word' id='word_1_428' title='bbox 921 3917 990 3952; x_wconf 83' lang='lat' dir='ltr'>nova</span> <span class='ocrx_word' id='word_1_429' title='bbox 1006 3902 1156 3954; x_wconf 81' lang='lat' dir='ltr'>deditione:</span> <span class='ocrx_word' id='word_1_430' title='bbox 1216 3905 1267 3954; x_wconf 74' lang='lat' dir='ltr'>redi·</span> <span class='ocrx_word' id='word_1_431' title='bbox 1282 3916 1317 3954; x_wconf 83' lang='lat' dir='ltr'>res</span> 
     </span>
     <span class='ocr_line' id='line_1_47' title="bbox 243 3968 1063 4036; baseline 0.005 -17"><span class='ocrx_word' id='word_1_432' title='bbox 243 3968 757 4036; x_wconf 71' lang='lat' dir='ltr'>angliehwihrenddaslolgendeaona·</span> <span class='ocrx_word' id='word_1_433' title='bbox 809 3985 878 4020; x_wconf 82' lang='lat' dir='ltr'>noea</span> <span class='ocrx_word' id='word_1_434' title='bbox 896 3973 936 4020; x_wconf 77' lang='lat' dir='ltr'>est</span> <span class='ocrx_word' id='word_1_435' title='bbox 954 3969 1063 4023; x_wconf 82' lang='lat' dir='ltr'>deditio.</span> 
     </span>
    </p>
   </div>
   <div class='ocr_carea' id='block_1_13' title="bbox 0 0 1374 4576">
    <p class='ocr_par' dir='ltr' id='par_1_21' title="bbox 0 0 1374 4576">
     <span class='ocr_line' id='line_1_48' title="bbox 0 0 1374 4576; baseline 0 2"><span class='ocrx_word' id='word_1_436' title='bbox 0 0 1374 4576; x_wconf 95' lang='lat' dir='ltr'> </span> 
     </span>
    </p>
   </div>
  </div>
 </body>
</html>
