2738 4576
343 273 385 326 nn
402 272 505 326 annm
522 243 675 328 menam.
711 273 739 326 c.
756 276 848 329 ι-ιι.
1072 271 1129 334 101

59 456 204 528 pergeret,
220 455 333 510 suamet
348 448 444 528 ipsum
465 446 591 527 pecnnia
602 445 793 526 praeeipitem
811 463 956 508 casurum.
987 448 1035 510 Sie
1050 449 1133 512 lneu-
1150 453 1169 510 6

58 544 108 596 tus
128 551 196 595 eum
211 533 315 594 litteris
336 551 420 607 enm,
445 549 517 610 quas
538 531 675 611 Micipsae
697 531 848 605 redderet,
873 532 991 595 dimisit.
1028 534 1137 598 Earum
1158 543 1172 595 1

58 619 204 680 sententia
226 619 298 680 haee
321 627 400 679 erat:
424 611 596 695 ‘Iugurthae
616 616 660 678 tui
674 616 753 677 belle
772 616 954 679 Numantino
969 618 1059 700 longe
1073 638 1135 682 ma-

57 721 146 764 xuma
166 703 258 765 virtus
278 703 348 777 init,
372 721 461 781 quam
482 720 544 762 rem
566 702 617 764 tibi
641 713 723 763 eerto
738 702 800 764 seio
818 702 924 780 gaudio
940 721 1014 766 esse.
1044 704 1136 768 Nebis

57 789 97 850 ob
114 788 219 850 merita
234 806 285 850 sua
308 806 394 849 carus
409 796 467 862 est;
489 795 523 848 ut
537 786 613 848 idem
631 786 747 850 senatui
766 797 793 849 et
812 788 924 868 populo
939 788 1073 851 Romano
1089 792 1135 866 sit,

56 892 172 935 summa
193 891 250 951 npe
272 873 409 934 nitemur.
440 872 505 933 Tibi
529 872 649 951 quidem
663 891 718 952 pro
733 880 836 934 nostra
850 873 977 934 amicitia
993 876 1134 953 gratulor.

56 959 105 1020 En
117 959 209 1020 habes
224 957 319 1018 virum
336 958 458 1036 dignum
474 967 504 1018 te
518 966 605 1036 atque
622 976 676 1018 ave
693 976 749 1020 sno
764 953 934 1020 Masinissa?
966 959 1059 1038 lgitur
1074 979 1135 1036 rex,
1157 969 1172 1022 t

54 1044 110 1104 uhi
131 1062 179 1118 ea,
203 1061 279 1121 quae
292 1044 367 1105 lama
390 1051 558 1123 acceperat,
575 1062 611 1104 ex
626 1042 730 1104 litteris
748 1043 935 1123 imperatoris
950 1045 989 1106 ita
1005 1065 1068 1108 esse
1085 1065 1135 1108 eo-

56 1129 170 1206 gnovit
187 1146 254 1189 eum
269 1127 376 1189 virtute
391 1137 454 1189 tum
466 1128 558 1205 gratia
574 1127 628 1188 viri
643 1138 796 1208 permotus
807 1129 886 1190 llexit
901 1129 1033 1192 animum
1048 1149 1135 1193 sunm

56 1224 88 1275 et
103 1213 275 1293 Iugurtham
286 1212 439 1275 benefieiis
451 1214 569 1275 vincere
585 1231 741 1291 aggressus
753 1222 811 1289 est;
828 1213 983 1293 statimque
1000 1235 1067 1277 enm
1084 1217 1135 1279 ad·

55 1299 169 1378 optavit
193 1308 223 1359 et
244 1307 419 1360 testamento
442 1300 553 1377 pariter
574 1317 642 1359 eum
665 1298 732 1359 liliis
753 1299 892 1362 heredem
911 1299 1046 1363 instituit.
1077 1303 1135 1364 Sed
1156 1310 1172 1362 1

53 1385 119 1464 ipse
139 1401 251 1464 pauens
271 1393 339 1463 post
359 1401 455 1445 annus
476 1384 581 1446 morbo
604 1392 691 1462 atque
712 1392 806 1446 aetate
828 1386 981 1448 conlectus
997 1405 1063 1448 eum
1078 1387 1135 1448 sibi

53 1471 148 1530 linem
163 1469 238 1530 vitae
252 1470 354 1530 adesse
369 1469 565 1549 intellegeret,
582 1487 682 1530 coram
694 1469 795 1532 amieis
809 1479 839 1532 et
854 1470 988 1550 cognatis
1004 1471 1133 1552 itemque

54 1553 222 1616 Adherbale
237 1563 267 1614 et
281 1554 450 1633 Hiempsale
466 1554 534 1616 liliis
548 1554 655 1616 dieitur
669 1554 792 1616 huiusce
807 1555 886 1616 modi
903 1555 990 1617 verba
1002 1575 1069 1618 aum
1086 1557 1135 1620 lu·
1165 1609 1168 1616 .

54 1640 163 1719 gurtha
178 1639 333 1701 habuisset

139 1717 277 1786 ‘Parvum
297 1742 367 1803 ege,
383 1723 539 1802 iugurtha,
555 1733 600 1797 te,
613 1724 719 1785 amisso
742 1731 826 1801 patre
841 1723 905 1785 sine
920 1743 973 1804 spe
988 1725 1052 1786 sine
1068 1727 1134 1804 epi·
1151 1729 1186 1785 16

55 1810 130 1883 bus,
154 1809 184 1870 in
209 1827 336 1888 regnum
358 1827 458 1869 meum
480 1809 598 1890 accepi,
615 1808 796 1870 existumans
819 1827 879 1869 non
896 1810 995 1871 minus
1009 1827 1057 1869 me
1070 1810 1134 1886 tibi,

53 1894 186 1974 quamsi
207 1894 392 1974 genuissem,
409 1893 447 1954 0b
463 1893 606 1956 benelieia
628 1911 728 1955 earum
749 1895 829 1954 lore:
851 1912 949 1973 neque
966 1912 999 1955 ea
1014 1913 1062 1956 res
1080 1896 1135 1957 lal-

55 1999 123 2041 snm
135 1998 182 2040 me
198 1979 309 2040 habuit.
340 1979 421 2052 Nam,
437 1987 471 2040 nt
485 1979 539 2041 alia
556 1997 663 2059 magna
682 1986 711 2039 et
726 1979 843 2058 egregia
858 1987 906 2040 tua
923 1979 1064 2056 omittam,
1081 2000 1136 2042 no·
1159 1989 1173 2041 1

52 2065 181 2128 vissume
202 2064 321 2126 rediens
342 2064 499 2125 Numantia
519 2083 627 2144 meque
650 2082 834 2144 regnumque
857 2083 955 2125 meum
972 2065 1065 2144 gloria
1080 2067 1134 2126 ho-

52 2184 105 2244 nis]
126 2182 230 2232 artibus
245 2180 298 2233 und
315 2181 349 2232 ist
361 2180 478 2247 augleieh
491 2180 570 2234 durch
621 2181 707 2247 menig
729 2181 815 2248 spiler
842 2180 964 2300 eff⁰¹sdl0r
991 2180 1042 2234 und
1066 2181 1136 2236 steht

53 2250 148 2301 ultro
172 2253 314 2300 venturum
336 2249 487 2316 rermittelt,
516 2265 570 2302 wo·
622 2248 679 2301 dem
692 2249 892 2302 testamentoim
913 2249 965 2316 olg.
981 2250 1135 2316 gegemiber,

53 2317 133 2370 durch
152 2316 198 2370 das
215 2331 345 2384 ungesu
356 2317 428 2370 chte
445 2316 570 2371 Kommen
621 2317 743 2384 welches,
761 2318 826 2370 naeh
841 2320 880 2382 11,
900 2321 915 2372 6
932 2318 1069 2371 hdebstens
1082 2318 1135 2372 drei

52 2385 205 2438 bezeichnet
222 2385 295 2437 wird.
331 2385 402 2437 ltenn
427 2385 468 2438 bei
486 2387 569 2439 einem
620 2384 697 2438 Jahre
720 2401 767 2439 ror
784 2385 905 2452 blieipsas
927 2385 1043 2438 Ableben
1069 2386 1135 2449 (dies

52 2457 224 2521 ungestiunen
236 2470 261 2507 n.
274 2451 492 2506 ruehsiehtslosen
506 2453 583 2506 Vor--
621 2452 678 2505 sind
688 2454 729 2506 die
736 2457 821 2522 pauci
830 2453 921 2520 aaa&
931 2457 956 2518 4)
967 2454 1081 2520 verlalst‚
1090 2455 1135 2508 ihu

52 2520 263 2574 wartsschreiten
281 2520 405 2583 mdlsten,
425 2536 468 2573 nm
486 2521 568 2574 Ruhnr
621 2521 686 2573 auch
703 2521 741 2573 als
759 2520 1020 2589 gleiehbereebtigten
1037 2521 1136 2576 Thron-

51 2590 103 2641 nnd
120 2587 208 2640 lilaeht
225 2602 256 2639 nn
275 2587 429 2653 errwingeu
446 2586 496 2641 last
514 2594 571 2642 not·
622 2587 701 2640 erben
728 2588 893 2644 anerkannte.
933 2588 1039 2655 blieipsa
1064 2592 1135 2643 starb

51 2656 159 2722 wendig
170 2654 302 2707 schleehte
313 2654 400 2707 blittel
418 2656 515 2719 (malua
526 2673 571 2708 ar·-
622 2659 672 2710 636
683 2658 760 2720 (118).
789 2655 877 2708 Etwas
887 2656 977 2709 andere
987 2658 1056 2709 steht
1065 2663 1107 2724 58,
1119 2663 1135 2713 6

50 2728 101 2788 tea)
111 2722 315 2788 inhnwenduug
324 2722 447 2788 gebracht
456 2724 570 2779 werden.
621 2726 727 2775 statim:
750 2738 865 2790 prepara
887 2725 1040 2790 gegenuber.

84 2791 113 2848 6.
127 2793 150 2844 ².
170 2792 252 2844 idam:
276 2791 341 2843 nach
355 2789 510 2844 bekanntem
522 2793 570 2845 Ge·
653 2789 699 2845 16.
719 2794 741 2846 1.
760 2793 856 2843 amum
868 2796 962 2858 patre:
981 2792 1075 2844 nabere
1086 2792 1135 2846 Be-

50 2858 512 2925 branchdasSnbjehtanlnehmend‚
526 2877 568 2913 nm
620 2859 760 2926 stimmnng
780 2875 813 2912 zu
837 2860 886 2912 den
910 2859 948 2912 als
965 2859 1080 2914 Attribut
1103 2877 1136 2914 zu

53 2930 93 2982 ein
112 2942 193 2981 neues
205 2927 326 2980 Pridiket
345 2927 527 2992 (hieremataa'
545 2934 572 2980 et
621 2933 646 2979 te
663 2943 695 2980 zu
719 2927 855 2980 lassenden
883 2927 989 2982 werten
1011 2931 1069 2980 sine
1090 2945 1136 2996 spa

51 2996 150 3063 populo
179 2995 298 3049 Romane
328 3001 417 3062 carus)
449 2997 571 3050 hinzuzu-
621 2999 678 3047 sina
708 2999 802 3063 opibus
829 2999 871 3059 (=
898 2989 1065 3050 ἀνέλπιστον
1091 3000 1135 3050 καὶ

53 3064 138 3131 sigen.
620 3061 727 3136 ἄπορον
749 3060 839 3131 ὄντα),
865 3080 898 3116 zu
916 3065 979 3119 Cat·
993 3068 1017 3128 3,
1043 3067 1067 3118 2.

84 3149 135 3199 pre
146 3170 153 3184 .
164 3169 188 3185 ..
205 3135 340 3186 amicitia:
358 3149 390 3185 zu
411 3136 450 3195 11,
470 3137 492 3186 1.
654 3136 683 3184 iu
701 3148 815 3198 regnum
831 3147 932 3186 meum:
950 3148 982 3185 zu
1001 3138 1026 3199 5,
1045 3137 1068 3186 1.

86 3204 110 3254 3.
163 3203 233 3253 etia:
251 3201 363 3258 nimlieh
381 3201 422 3254 bei
443 3199 530 3269 Scipio
543 3217 568 3254 u.
653 3204 851 3267 sigenuiuem:
877 3201 953 3256 ndml.
974 3206 1010 3266 te,
1028 3201 1083 3256 also
1100 3226 1135 3246 =

53 3267 101 3320 den
142 3273 228 3322 dmem
247 3269 399 3336 uberhaupt.
618 3272 643 3320 si
657 3274 737 3336 pater·
755 3274 922 3332 tentassem
941 3269 983 3322 die
1000 3269 1089 3323 Worte
1102 3273 1134 3322 od

86 3337 171 3400 benef.
183 3341 301 3390 sineere:
315 3338 340 3390 in
350 3336 468 3390 auderem
480 3336 568 3402 Smne,
619 3338 747 3401 beneficia
764 3337 849 3390 bilden
867 3335 931 3389 dazu
944 3337 993 3390 den
1010 3338 1135 3392 betonten

55 3404 92 3457 als
107 3408 164 3471 163,
180 3409 230 3472 11,
251 3408 308 3471 116,
326 3409 351 3470 6,
368 3420 411 3457 wo
424 3407 569 3458 invincem
621 3406 773 3472 Gegensatz.
814 3403 863 3457 Iler
880 3404 944 3458 Sinn
965 3406 1000 3458 ist
1016 3399 1073 3458 ‘die
1096 3422 1135 3459 er-

53 3486 99 3524 nur
110 3473 157 3526 das
174 3473 330 3526 Ubertrel
336 3473 347 3524 1
350 3489 389 3526 en
406 3474 477 3541 liegt.
509 3473 570 3527 llier
620 3473 829 3527 worheneliebe
840 3473 925 3526 werde
935 3473 1005 3525 nieht
1017 3475 1135 3595 gerinper

53 3541 150 3593 enthdlt
175 3557 203 3594 es
234 3542 428 3608 hauptsiehlieh
451 3542 492 3594 die
517 3542 569 3594 hn-
621 3541 1085 3607 sein‚alseineangeboreneseinwdr
1103 3537 1132 3594 e.’

53 3605 166 3676 dentung
191 3608 236 3662 des
261 3609 407 3677 Eriolgs‚
435 3611 460 3662 in
481 3610 569 3677 Beang
653 3609 753 3672 salsum
764 3610 1134 3677 medaduttznngewdhnlieh

54 3676 97 3728 aul
115 3677 162 3730 das
180 3680 205 3744 6,
223 3680 238 3730 3
257 3677 297 3730 his
316 3681 340 3743 1,
349 3683 373 3757 ,1
393 3677 511 3746 Gesagte.
550 3747 555 3759 .
620 3678 661 3731 ltu
678 3695 719 3730 me
741 3677 847 3763 fefellit.
882 3678 929 3731 Als
951 3677 1043 3731 Partis.
1062 3677 1132 3732 Pass.

54 3751 320 3879 depppippnppchespp,
332 3744 373 3874 (ἓξ
390 3745 498 3878 llbffngtr
522 3749 569 3798 mn
622 3745 863 3868 Stblftrrsgaffisffl:
874 3749 1018 3868 8{iitwdem
1041 3814 1135 3878 llanpt·

85 3886 191 3935 atatim:
211 3883 302 3949 gehdrt
320 3881 387 3933 blois
406 3897 437 3933 zu
456 3882 569 3949 adopta·
619 3882 726 3934 verbum
749 3885 917 3934 honorauisti
932 3898 964 3935 au
985 3880 1134 3934 verbinden.

52 3952 98 4016 vit,
118 3965 171 4003 was
191 3950 246 4004 also
265 3949 344 4004 sehon
362 3952 409 4003 etl
424 3950 494 4016 (133)
507 3949 569 4004 eder
619 3947 665 4002 llie
682 3948 755 4004 llralt
773 3951 818 4003 des
836 3949 939 4003 Wartes
957 3951 990 4002 ist
1015 3963 1079 4016 ganz
1096 3963 1135 4001 re-
