2738 4576
182 212 187 220 ι
233 261 294 320 154
606 260 632 314 G.
650 258 807 312 SALLUSTI
826 257 928 313 celse}

202 457 205 468 ’
231 448 300 500 tuor
314 437 470 498 advorsum
485 434 598 513 pedites
612 433 741 498 hostium
758 434 904 497 conlocat.
933 431 1045 495 Eorum
1056 450 1165 510 magna
1176 451 1252 511 pars
1269 452 1320 496 su·

195 534 211 584 4
231 521 397 602 periorihus
411 520 484 582 locis
502 520 577 582 fessa
592 521 775 582 consederat.
806 519 902 580 Simul
916 536 1001 580 orare
1022 526 1052 580 et
1065 517 1179 578 hortari
1193 518 1318 591 milites,

234 625 272 668 ne
286 607 449 668 deficerent
463 623 523 667 neu
538 613 712 685 paterentur
727 605 820 668 hostis
835 603 975 683 fugientis
990 603 1123 664 vincere:
1139 621 1245 682 neque
1263 604 1319 666 illis

233 700 327 754 castra
343 710 407 754 esse
423 708 522 768 neque
537 690 756 753 munimentum
770 689 880 763 ullum,
905 707 965 767 quo
981 689 1121 750 cedentes
1135 689 1318 762 tenderent;

195 789 210 839 t
231 778 366 840 inarmis
388 776 486 837 omnia
508 774 571 838 sita.
609 775 668 836 Sed
690 795 729 837 ne
750 775 892 853 Iugurtha
915 774 1034 852 quidem
1055 773 1171 834 interea
1194 774 1319 852 quietus

233 872 309 925 erat:
323 861 480 924 circumire
495 860 623 932 hortari,
642 879 789 922 renovare
812 859 959 938 proelium
982 859 1090 937 etipse
1105 877 1175 920 cum
1190 859 1320 922 delectis

231 957 377 1027 temptare
400 946 515 1021 omnia;
538 945 695 1008 subvenire
710 947 788 1021 suis,
812 943 946 1006 hostibus
968 943 1065 1006 dubiis
1085 943 1214 1018 instare,
1243 963 1318 1024 quos

182 1038 220 1094 52
234 1035 336 1096 drmos
352 1039 533 1110 cognoverat
547 1030 664 1092 eminus
678 1031 840 1111 pugnando
855 1030 995 1091 retinere.
1025 1028 1069 1090 Eo
1080 1029 1169 1090 modo
1186 1028 1275 1092 inter
1290 1050 1319 1092 se

233 1119 292 1180 duo
308 1118 510 1196 imperatores,
526 1117 633 1178 summi
647 1116 710 1192 viri,
725 1115 892 1187 certabant,
909 1115 964 1194 ipsi
979 1131 1080 1195 pares,
1097 1121 1236 1176 ceterum
1254 1116 1318 1195 opi-

195 1213 211 1263 2
232 1203 288 1263 bus
303 1201 477 1280 disparibus.
500 1201 575 1262 Nam
586 1201 703 1262 Metello
718 1202 810 1264 virtus
825 1200 951 1262 militum
967 1207 1038 1273 erat,
1055 1198 1139 1260 locus
1154 1200 1318 1276 advorsus;

197 1297 212 1346 3
233 1287 392 1366 Iugurthae
407 1286 461 1347 alia
485 1286 583 1346 omnia
604 1286 852 1366 praeter-milites
875 1292 1052 1365 opportuna.
1093 1283 1233 1362 Denique
1259 1286 1318 1346 Ro·

233 1372 323 1446 mani,
339 1371 390 1432 ubi
405 1370 583 1450 intellegunt
596 1391 693 1451 neque
715 1372 771 1434 sibi
793 1370 962 1451 perfugium
976 1387 1040 1456 esse
1061 1387 1160 1448 neque
1175 1368 1214 1430 ab
1230 1371 1317 1432 hoste

235 1457 350 1537 copiam
365 1457 520 1537 pugnandi
529 1456 595 1518 fieri
605 1493 647 1504 —-
659 1466 688 1518 et
702 1457 760 1519 iam
771 1457 818 1518 die
829 1473 934 1535 vesper
944 1463 1008 1516 erat
1018 1489 1069 1528 —‚
1085 1453 1213 1516 advorso
1229 1456 1317 1526 colle,

197 1553 212 1602 t
233 1541 320 1606 sicuti
342 1549 533 1622 praeceptum
555 1542 668 1617 fuerat,
690 1543 827 1604 eradunt.
863 1540 979 1602 Amisso
1001 1539 1067 1601 ioco
1089 1539 1237 1602 Numidae
1260 1541 1316 1603 susi

235 1627 400 1709 fugatique3
415 1627 503 1707 pauci
517 1628 673 1703 interiere,
698 1627 858 1707 plerosque
880 1625 1019 1688 velocitas
1034 1633 1064 1686 et
1078 1624 1161 1704 regio
1178 1625 1316 1688 hostibus

234 1715 337 1795 ignara
351 1722 443 1774 tutata
458 1721 538 1775 sunt.

198 1809 213 1859 5
319 1798 435 1860 Interea
451 1798 614 1871 Bomilcar,
630 1816 720 1877 quem
735 1796 902 1877 elephantis
917 1802 947 1856 et
960 1795 1037 1874 parti
1052 1794 1210 1874 copiarum
1226 1798 1317 1876 pede·

237 1885 342 1946 sirium
358 1884 540 1964 praefectum
555 1882 591 1944 ab
608 1882 750 1962 Iugurtha
764 1900 855 1962 supra
870 1880 1010 1954 diximus,
1033 1879 1085 1940 uhi
1103 1899 1173 1942 eum
1188 1881 1317 1943 Rutilius

235 1977 474 2050 praetergressus
489 1977 548 2042 est,
572 1968 712 2047 paulatim
734 1987 804 2030 suos
826 1967 857 2028 in
879 1984 1007 2044 aequum
1022 1964 1121 2026 locum
1135 1966 1260 2028 deducit
1275 1985 1316 2038 ac,
1365 2027 1366 2042 ,

236 2057 307 2117 dum
322 2055 435 2134 legatus
451 2055 486 2115 ad
508 2054 636 2126 flumen,
658 2071 717 2131 quo
740 2052 917 2132 praemissus
939 2058 1016 2124 erat,
1041 2050 1186 2112 testinans
1208 2051 1316 2131 pergit
1365 2049 1366 2086 ³

236 2140 368 2219 quietus,
389 2138 432 2200 uti
447 2157 495 2200 res
514 2136 697 2217 postulabat,
719 2137 812 2199 aciem
833 2143 957 2198 exornat
978 2153 1077 2214 neque
1098 2135 1223 2197 remittit
1246 2136 1316 2216 quid

199 2235 215 2285 c
235 2225 346 2303 ubique
366 2223 459 2284 hostis
480 2229 580 2300 ageret
599 2221 763 2300 explorare.
800 2222 961 2299 Postquam
979 2220 1121 2282 Rutilium
1144 2217 1316 2284 consedissh

237 2310 335 2371 iamet
350 2306 585 2368 animovacuum
604 2307 718 2386 accepit
735 2307 882 2385 simulque
902 2323 937 2368 ex
948 2305 1109 2386 iugurthae
1128 2306 1244 2387 proelio
1257 2307 1316 2368 cla·

236 2439 296 2503 rien)
327 2436 449 2502 bestand‚
484 2438 597 2492 Kohorte
630 2443 750 2506 genannt,
801 2439 874 2492 selbe
885 2437 998 2492 Verbum
1015 2454 1063 2492 nur
1080 2439 1119 2492 als
1137 2437 1239 2506 Gopula
1252 2439 1318 2493 hier·

237 2506 359 2560 wibrend
377 2506 419 2559 die
435 2507 599 2575 Autstellung
616 2508 681 2561 nach
699 2507 750 2560 Ko-
801 2508 847 2562 her
865 2523 896 2559 zu
913 2507 1012 2562 ziehen.

237 2576 328 2628 herten
346 2576 373 2628 in
391 2574 437 2628 der
455 2575 575 2628 Seblacht
599 2576 680 2630 selbst
698 2580 750 2630 erst
836 2579 860 2630 3.
878 2580 905 2628 et
921 2579 988 2627 mm:
1007 2590 1039 2628 zu
1056 2575 1110 2629 Cat.
1131 2577 1170 2639 19,
1189 2577 1213 2628 2.

238 2644 287 2698 seit
299 2643 393 2697 Marius
410 2660 454 2696 nur
466 2644 547 2712 Regel
561 2646 655 2698 warde.
692 2643 750 2713 Vgl.
836 2645 891 2696 dio:
910 2666 943 2686 =
961 2644 1029 2695 diei:
1046 2643 1099 2709 rgl.
1118 2659 1150 2694 zu
1169 2644 1210 2708 21,
1231 2645 1257 2696 2.

237 2729 270 2765 au
288 2713 341 2768 Cat.
360 2715 401 2777 59,
420 2715 443 2766 2.
835 2713 949 2764 aduorso
962 2711 1040 2764 colle:
1054 2705 1115 2764 ‘den
1127 2709 1207 2776 thel
1222 2710 1317 2778 genade

271 2785 296 2834 4.
308 2783 375 2836 itte:
394 2781 552 2846 benetnhmt,
565 2782 615 2834 wie
627 2781 750 2848 gewdhu·
802 2773 896 2845 binan',
908 2779 955 2832 mit
961 2779 1018 2832 dem
1026 2777 1103 2832 Verb.
1111 2779 1224 2830 caudore
1233 2794 1317 2845 gram·

237 2851 289 2903 lich
301 2850 327 2902 in
341 2850 386 2903 der
397 2849 541 2902 indirekten
554 2849 632 2912 Rede‚
644 2849 686 2901 die
698 2849 751 2902 An·
801 2847 910 2902 matiseh
919 2863 949 2900 sc
958 2847 1114 2910 verbunden,
1127 2847 1177 2898 wie
1188 2849 1258 2912 50,6
1271 2847 1316 2900 das

239 2919 389 3037 gersdetem
409 2917 464 2969 also
482 2917 524 2969 die
541 2916 750 2970 rdm.Soldaten.
798 2916 866 2972 Adv.
886 2933 925 2968 ea.
1180 2896 1196 2933 *

262 2986 297 3053 gl.
316 3002 340 3039 u.
359 3001 382 3038 a.
401 2987 472 3048 8,2;
492 2987 533 3048 33,
552 2988 576 3037 4.
836 2988 860 3037 4.
878 2986 990 3050 aguero:
1008 2999 1040 3035 zu
1060 2985 1100 3049 18,
1119 2986 1142 3036 6.

272 3060 297 3108 5.
309 3051 522 3117 ne...quidam:
534 3047 749 3106 ‘auch...nicht‘
836 3056 938 3104 tutata:
957 3051 1002 3104 das
1020 3050 1144 3104 Neutrum
1162 3048 1228 3102 nach
1247 3049 1318 3103 meh·

239 3123 340 3242 W?
354 3119 670 3242 {gutichgdr‘rihndgtung
679 3120 750 3173 Caes.
801 3135 874 3242 corben
885 3119 1023 3198 Femininis
1032 3120 1158 3240 glarzwlie
1172 3118 1224 3238 csst.
1240 3121 1284 3238 33,
1294 3121 1317 3170 2.

262 3226 269 3240 ο
301 3225 308 3239 ο
437 3203 451 3236 3
717 3205 752 3227 '·
855 3228 861 3241 .
965 3209 970 3240 i
1054 3227 1061 3243 ι
1145 3223 1152 3240 ο

239 3225 350 3309 ductos.
362 3293 368 3308 .
380 3191 752 3308 Aboneieocobolbcbb'ilbbpl'sb-
804 3204 957 3309 standmib?
969 3202 1117 3308 dibnielberi
1134 3201 1318 3322 theloflbbii

238 3326 297 3377 rias
314 3323 421 3390 quidem
432 3324 525 3376 Attice
542 3325 650 3376 dubitat
660 3327 752 3390 copiae
803 3325 893 3377 weiter
909 3324 975 3376 nach
993 3323 1051 3376 dem
1069 3323 1159 3377 Flusse
1177 3339 1216 3376 zu.

235 3393 394 3460 producere.
836 3395 963 3445 remittit:
981 3383 1028 3446 mit
1043 3391 1101 3445 dem
1112 3390 1185 3444 lofin.
1197 3391 1223 3444 iu
1234 3389 1317 3444 Prosa

275 3461 374 3512 dubiis:
387 3459 530 3526 Gegensatz
544 3475 577 3512 zu
586 3460 643 3513 dem
654 3460 752 3527 folgen-
802 3475 868 3527 ganz
887 3459 1093 3527 ungewdhnlicb.

240 3527 289 3581 den
302 3529 402 3591 firmos.
429 3527 475 3580 Die
487 3527 579 3580 beiden
593 3526 753 3596 Satzglieder
837 3529 947 3594 abique:
966 3544 999 3580 zu
1011 3527 1065 3580 Get.
1078 3530 1119 3594 21,
1133 3531 1161 3589 t;
1179 3526 1220 3579 die
1237 3528 1317 3582 zwic-

241 3598 384 3649 hostibus.
404 3635 411 3648 .
429 3598 569 3648 ,retinere
587 3597 678 3651 stehen
696 3612 752 3650 ver·
803 3595 1317 3662 sacheh'ragewdrdeausgedruektseiu‚

241 3664 321 3786 gigrigt
345 3664 402 3718 dena
423 3666 562 3716 subvenire
584 3667 641 3717 ruit
658 3679 754 3732 gegen·
803 3664 853 3786 wig
867 3667 907 3728 54,
920 3667 950 3717 2.
963 3667 1009 3716 nbi
1020 3669 1070 3716 aut
1081 3665 1157 3730 quid3
1171 3664 1224 3717 dat.
1236 3666 1281 3730 4⁷,
1297 3667 1317 3716 t.

274 3749 321 3922 ἐξ.
339 3802 455 3922 2.ὴὶοοᾶιι
470 3800 612 3921 ιέἀιέονηαε
630 3815 677 3920 au}
694 3799 752 3922 defin
803 3747 1318 3922 ποςοὲῗέἱξὲἰέξὲἴῗᾬίῶηἷῗιωῑὲοἲ

240 3883 752 4006 {afflvgnssffiwanppffirpstvgng
804 3883 973 4004 sigisberto
999 3883 1317 4005 aarbbcnei’mwobncubrbbeirb
