2738 4576
251 253 313 316 122
629 258 656 310 G.
674 256 829 312 santusrt
847 257 950 312 umsrt

251 447 286 490 eo
303 436 390 490 natus
405 446 486 508 sum,
501 437 534 488 ut
548 427 709 506 Iugurthae
726 427 872 490 scelerum
893 428 1023 490 ostentui
1046 447 1159 503 essem,
1186 448 1250 490 non
1273 429 1320 489 iau

250 522 375 574 mortem
391 531 489 592 neque
504 530 669 586 aerumnas,
684 520 799 574 tantum
813 512 902 576 modo
918 513 1028 575 inimici
1045 513 1210 594 imperium
1223 523 1254 575 et
1265 533 1319 574 cru·

252 599 343 660 clatus
359 599 494 678 corporis
515 599 669 678 deprecor.
705 597 809 676 Regno
831 599 993 674 Numidiae,
1017 599 1096 678 quod
1118 608 1258 660 vostrum
1279 607 1319 670 est,

250 685 293 745 uti
307 684 389 746 lubet
410 684 571 759 consulite3
586 701 633 744 me
656 683 792 744 munibus
813 683 903 763 inpiis
925 683 1044 763 eripite,
1066 703 1121 764 per
1141 685 1319 746 maiestatem

250 769 371 849 imperi,
388 787 443 850 per
463 767 606 830 amicitiae
620 769 722 844 fidem,
737 768 762 830 si
776 769 835 830 ulla
850 769 929 848 apud
950 787 1002 830 vos
1023 770 1170 832 memoria
1197 778 1320 832 remanet

250 855 295 916 avi
309 855 368 916 mci
379 844 566 916 Masinissae?

197 944 236 1002 25
339 939 392 1000 His
404 939 510 1000 litteris
525 938 654 1000 recitatis
668 939 751 1000 luere
767 939 818 1018 qui
833 938 994 1000 exercitum
1009 939 1040 1000 in
1052 939 1188 1000 Africana
1204 940 1319 1001 mittun·

250 1025 320 1086 dum
343 1032 501 1086 censerent
524 1032 551 1084 et
574 1041 662 1102 quam
684 1024 814 1103 primum
827 1023 986 1086 Adherbali
1007 1024 1272 1099 subveniundum
1292 1022 1318 1082 de

249 1109 391 1188 iugurtha
406 1109 526 1170 interim
541 1110 584 1170 nti
599 1109 814 1182 consuleretur,
827 1109 966 1189 quoniam
979 1109 1080 1188 legatis
1092 1128 1156 1170 non
1170 1110 1316 1189 paruisset

212 1204 227 1256 1
250 1193 307 1255 Sed
318 1194 353 1254 ab
366 1193 459 1255 bdem
471 1194 527 1256 illis
539 1195 617 1272 regis
628 1194 794 1256 fautoribus
808 1212 923 1257 summa
938 1214 997 1274 ope
1012 1195 1128 1256 enisum
1144 1204 1203 1271 est,
1222 1214 1261 1256 nc
1274 1192 1317 1253 tale

212 1289 227 1339 3
248 1278 401 1340 decretum
423 1279 516 1340 lieret.
547 1278 590 1340 lta
612 1280 726 1342 bonum
748 1279 916 1360 publicum,
932 1289 966 1340 ut
986 1280 1017 1341 in
1032 1280 1187 1359 plerisque
1203 1276 1316 1358 negotiis

212 1376 228 1424 4
249 1363 339 1440 solet,
354 1364 466 1445 privata
480 1364 571 1442 gratia
586 1365 742 1427 devictum.
779 1365 930 1445 Legantur
951 1373 1050 1426 tamen
1065 1365 1096 1426 in
1120 1365 1255 1428 dir-'icam
1269 1379 1317 1424 nrt·

250 1449 328 1511 iores
343 1458 416 1510 natu
431 1449 563 1524 nobiles,
586 1450 690 1530 amplis
711 1450 876 1512 bonoribus
898 1450 959 1526 usi;
974 1450 1006 1511 in
1023 1449 1089 1529 quis
1111 1450 1170 1512 tuit
1186 1451 1226 1512 Μ.
1241 1451 1317 1511 Scau·

249 1552 315 1610 rus,
340 1534 375 1594 de
409 1553 466 1613 quo
496 1553 586 1615 supra
608 1535 850 1610 memoravimus,
880 1535 1044 1597 consularis
1067 1540 1096 1596 et
1119 1543 1187 1597 tum
1211 1541 1316 1598 senatus

248 1637 399 1699 pmnceps.

213 1717 228 1766 5
335 1705 385 1780 Ei,
401 1706 480 1784 quod
496 1724 543 1767 res
558 1706 589 1766 in
604 1706 713 1766 invidia
728 1715 798 1780 erat,
814 1705 901 1766 simul
917 1712 946 1765 et
961 1704 996 1764 ab
1012 1703 1146 1766 Numidis
1172 1700 1313 1772 obsecrati,

248 1790 464 1853 triduonavim
479 1791 669 1865 adscendere,
685 1791 754 1852 dein
777 1790 858 1851 brevi
881 1789 993 1850 Uticam
1017 1789 1131 1868 adpulsi
1154 1791 1270 1852 litteras
1289 1783 1314 1846 ad

249 1875 422 1954 Iugurtham
433 1876 570 1938 mittunt:
584 1895 672 1956 quam
688 1877 833 1939 ocissume
845 1873 881 1936 ad
896 1875 1078 1954 provinciam
1090 1877 1224 1950 accedat,
1237 1887 1313 1951 seque

212 1973 228 2022 6
250 1961 286 2022 ad
302 1979 369 2022 eum
386 1961 421 2022 ab
437 1970 543 2022 senatu
558 1963 672 2024 missos.
701 1961 754 2022 Ille
770 1960 821 2021 ubi
843 1959 958 2039 accepit
971 1959 1107 2020 homines
1122 1960 1237 2035 claros,
1253 1975 1312 2038 qno·

249 2065 316 2106 rum
329 2046 533 2106 auctoritatem
543 2046 654 2107 Romae
665 2046 777 2126 pollere
789 2046 947 2119 audiverat,
960 2053 1064 2106 contra
1078 2045 1235 2126 inceptum
1242 2057 1312 2106 suun

248 2131 380 2203 venisse,
403 2130 499 2208 primo
523 2139 688 2192 commotus
710 2139 791 2191 metu
813 2138 900 2209 atque
923 2129 1055 2191 lubidine
1078 2129 1217 2194 divorsus
1238 2128 1313 2206 agia-

212 2227 227 2275 ἰ
248 2215 348 2277 batur:
361 2214 483 2275 timebat
493 2216 568 2276 iram
578 2222 708 2289 senatus,
723 2215 908 2294 niparuisset
918 2215 1035 2294 legatis3
1047 2215 1263 2295 porroaaimus
1273 2229 1314 2272 ou·

212 2310 227 2360 8
249 2299 348 2379 pidine
361 2316 466 2359 caecus
478 2300 513 2360 ad
525 2299 678 2378 inceptum
691 2299 787 2362 scelus
799 2300 978 2379 rapiebatur.
1005 2300 1081 2361 Vicit
1088 2309 1190 2363 tamen
1202 2303 1233 2362 in
1245 2296 1312 2361 avide

285 2433 325 2483 10.
342 2432 458 2482 inimici:
477 2431 521 2482 bat
538 2430 588 2484 den
601 2430 760 2486 Nacbdruck.
813 2433 896 2486 meino
915 2431 1038 2498 Unwille,
1061 2433 1110 2485 den
1128 2433 1171 2486 die
1191 2433 1269 2487 Sacbe
1284 2442 1313 2478 er·

248 2498 299 2550 Der
311 2496 387 2550 Sion:
405 2493 457 2550 ‘ich
468 2499 523 2550 will
536 2514 598 2567 genn
610 2499 694 2554 unirei
709 2501 762 2554 und
813 2505 870 2568 regi
887 2502 966 2564 batte,
985 2501 1086 2554 rnechte
1102 2501 1159 2555 Eile
1179 2502 1257 2566 nitig.

250 2566 343 2619 andern
362 2566 534 2621 unterworien
551 2569 620 2634 sein,
638 2569 699 2622 aber
714 2586 762 2623 nur
840 2567 1162 2636 aeque2dielloajnnktion
1175 2561 1312 2638 qaeknupit

248 2635 307 2688 dem
324 2634 445 2703 Iugurtha
462 2631 549 2691 nicbl‘.
812 2637 883 2690 nicht
899 2653 931 2690 aa
943 2636 985 2689 die
996 2638 1227 2704 vorhmgehenden
1239 2633 1312 2685 Worlt

282 2704 353 2757 ulle:
368 2699 468 2772 ‘irgend
480 2706 521 2758 ein
533 2704 683 2772 Andenlren,
696 2706 761 2758 euch
813 2706 859 2760 des
871 2705 969 2758 Briefes
982 2721 1022 2770 nn,
1038 2705 1149 2760 sondern
1161 2701 1312 2760 unmittelbar

248 2773 294 2826 das
306 2767 452 2841 geringste‘.
480 2775 533 2829 Cic.
552 2775 584 2826 ad
604 2773 671 2826 Fam.
691 2777 715 2840 2,
729 2777 760 2828 16
813 2788 846 2826 en
858 2773 903 2826 des
916 2789 962 2826 nus
975 2776 1085 2826 mittunt
1096 2790 1127 2826 uu
1139 2765 1312 2828 entnehmeode

248 2841 306 2904 filio
323 2858 446 2906 meo...,
468 2845 493 2892 ei
511 2845 561 2893 ait
580 2843 635 2894 ulla
653 2857 696 2892 ree
709 2858 761 2908 pre·
813 2841 925 2895 Verbum
938 2840 1052 2902 dicendi;
1071 2843 1123 2910 vgl.
1136 2843 1211 2896 Caes.
1225 2833 1311 2893 adab

249 2911 331 2975 blica,
348 2912 415 2961 salia
432 2910 551 2974 amplum
563 2911 762 2976 patrimonium
812 2914 836 2973 4,
856 2913 914 2975 6,3
940 2913 1067 2975 cognouit
1093 2914 1190 2964 misene
1218 2905 1312 2974 agatis

247 2979 399 3043 relinquam
407 2979 687 3029 memomamnominie
695 2981 761 3028 mei.-
812 2995 859 3030 nee
882 2980 914 3029 ab
943 2979 1081 3032 nonnullis
1111 2981 1267 3032 ciuilaliltu
1286 2967 1313 3022 ld

247 3048 291 3096 sia
308 3051 397 3096 aulem
408 3044 483 3096 arella
499 3048 560 3110 erit,
576 3045 648 3096 nihil
658 3045 762 3099 accidet
814 3045 959 3097 Germanos
975 3049 1156 3113 incitataeque
1172 3065 1218 3100 eos
1234 3046 1273 3096 uli
1287 3037 1311 3090 ul

249 3113 599 3233 1111111111
613 3114 761 3234 ,ἷέἱῶ31,
807 3113 1312 3250 inimititiarum?

248 3247 341 3300 verber
359 3251 409 3313 (15,
423 3251 449 3310 2)
467 3242 633 3300 erwilmten’.
814 3237 939 3303 hhnlicbe
969 3251 1031 3304 lreie
1053 3251 1194 3318 dnfugung
1217 3249 1262 3302 nit
1281 3244 1311 3294 el·

282 3318 397 3367 enisum:
416 3316 571 3383 passiviscb3
590 3332 619 3369 so
638 3331 686 3369 aur
700 3317 761 3370 bier.
813 3334 863 3386 que
880 3319 931 3372 und
949 3335 982 3372 ac
1001 3321 1041 3383 29,
1060 3324 1083 3372 5.
1104 3322 1160 3384 109,
1180 3323 1203 3374 3.

281 3387 305 3435 1.
327 3387 442 3435 maiores
462 3389 541 3436 natu:
564 3384 651 3438 irtiher
674 3400 762 3439 waren
847 3389 871 3440 6.
888 3392 960 3438 metu
977 3391 1057 3452 alque
1079 3388 1210 3440 lubidine:
1234 3379 1311 3451 gebul

246 3455 301 3504 trec
324 3452 504 3504 adulescentes
531 3455 582 3518 (21,
604 3457 629 3516 tt
654 3453 762 3520 gesendt
812 3465 870 3508 uum
880 3452 1311 3520 Verb.fintt.,nicbtzueomnouo

247 3518 360 3573 worden.
847 3523 979 3574 divorsae:
997 3522 1311 3578 bezeichnetdeninnercr

281 3603 378 3656 mpra:
397 3587 508 3642 nimiioh
528 3591 567 3654 te,
585 3593 610 3644 4.
812 3589 963 3658 Zwiespalt;
973 3590 1027 3643 btv.
1038 3595 1079 3659 16,
1089 3597 1113 3656 5,
1125 3596 1137 3644 1
1149 3585 1311 3660 Hannibalem

281 3661 305 3710 5.
337 3659 367 3707 in
394 3656 511 3708 inuidia:
548 3657 658 3710 nimlieb
687 3659 761 3723 apud
812 3659 946 3710 diceneum
971 3657 1132 3712 Tarentinae
1157 3663 1229 3714 arem
1250 3653 1311 3722 pott-

246 3723 388 3790 populum3
401 3723 447 3776 der
458 3725 522 3777 euch
535 3730 608 3778 sensi
620 3726 761 3791 gebriuch·
811 3727 900 3776 undae
919 3727 1075 3794 Capuaeque
1096 3728 1250 3782 redinendae
1265 3725 1311 3772 lta·

247 3791 313 3844 licbe
331 3791 465 3845 Ausdruclt
482 3795 511 3844 iu
528 3795 632 3846 inuidia
650 3809 705 3844 esse
725 3793 759 3846 ist
811 3795 909 3846 luebant
925 3809 1015 3848 merae.

246 3860 342 3913 eberiso
360 3875 392 3913 uu
410 3859 533 3926 sublimn,
552 3863 602 3914 wie
617 3864 646 3911 in
659 3862 760 3914 bonore
846 3864 869 3914 t.
884 3877 982 3928 porro:
1000 3864 1051 3916 wie
1069 3864 1123 3919 Cat.
1142 3867 1184 3930 tc,
1202 3865 1225 3927 2,
1244 3852 1309 3909 “llll

246 3945 302 3979 eeee
324 3926 376 3981 und
398 3928 525 3981 ibnlicbe.
548 3959 581 3968 —
608 3929 657 3982 Der
680 3929 760 3998 allge-
811 3924 922 3985 wieder'.
