2738 4576
242 261 302 325 148
613 265 640 318 G.
659 261 814 316 SALLUSTl
832 262 935 317 CRISPl

239 444 306 508 tur,
321 442 355 494 ut
368 451 436 494 cum
452 433 545 512 signis
559 434 730 511 frequentes
748 433 937 507 incederent,
952 433 1037 496 miles
1058 433 1159 496 cibum
1181 442 1212 495 et
1232 452 1315 496 arma
1362 441 1363 468 ³

202 533 217 582 a
238 527 378 600 portaret
407 518 451 579 lta
465 517 652 598 prohibendo
667 535 683 578 a
697 517 810 580 delictis
824 518 917 596 magis
932 536 1022 596 quam
1035 518 1213 582 vindicando
1228 539 1314 582 ener-

240 604 334 666 eitum
348 604 428 667 brevi
450 603 641 666 confirmavit.
1102 660 1106 668 ,
1362 665 1363 670 1

188 697 226 753 16
318 689 435 752 lnterea
444 689 596 770 iugurtha,
607 688 659 749 ubi
670 706 746 767 quae
757 687 891 750 Metellus
903 688 1007 766 agebat
1018 707 1053 750 ex
1066 689 1180 751 nuntiis
1190 691 1314 770 aceepit,

239 775 327 837 simul
342 775 378 837 de
392 774 564 836 innocentia
576 773 639 835 eius
653 774 765 835 certior
786 773 878 834 Roma
894 773 1004 848 lactus,
1025 772 1160 836 diffidere
1182 775 1246 838 suis
1267 793 1313 836 re·
1362 797 1363 800 ¹

203 873 219 924 1
240 859 306 935 bus,
322 879 355 921 ac
369 870 434 921 tum
449 860 569 920 demum
582 876 681 920 veram
693 859 875 921 deditionem
886 858 983 920 facere
998 868 1123 922 conatus
1138 868 1192 922 est
1222 860 1314 940 Igitur

239 947 351 1025 legatos
366 945 402 1006 ad
417 944 570 1006 consulem
584 961 654 1006 cum
669 943 821 1024 suppliciis
834 943 932 1014 mihil,
947 944 1000 1023 qui
1014 952 1130 1007 tantum
1153 946 1243 1007 modo
1259 945 1313 1026 ipsi

241 1031 401 1109 liberisque
415 1031 504 1090 vitam
518 1037 663 1110 peterent,
678 1030 733 1091 alia
749 1029 847 1091 omnia
869 1027 1013 1092 dederent
1034 1031 1146 1109 populo
1167 1031 1313 1092 Romano.

203 1129 218 1178 a
241 1116 300 1177 Sed
314 1115 432 1176 Metello
446 1115 505 1176 iam
520 1123 607 1176 antea
622 1113 832 1195 experimentis
847 1114 1001 1193 cognitum
1016 1124 1080 1177 erat
1094 1133 1189 1194 genus
1212 1116 1313 1177 Numi-

202 1214 217 1264 4
240 1200 344 1261 darum
356 1200 490 1275 infidum,
502 1200 622 1279 ingenio
635 1200 746 1275 mobili,
761 1217 905 1261 novarum
917 1217 1017 1262 rerum
1029 1200 1144 1262 avidum
1155 1219 1232 1263 esse.
1259 1202 1313 1262 lta-

240 1303 298 1365 que
313 1285 426 1365 legatcs
443 1286 532 1346 alium
547 1285 584 1346 ab
599 1285 655 1346 alic
678 1285 810 1348 divorsos
831 1284 1001 1366 aggreditur
1022 1303 1056 1348 ac
1077 1285 1219 1364 paulatim
1241 1295 1312 1348 tem-

238 1368 366 1451 ptando,
389 1379 545 1451 postquam
567 1379 752 1450 opportunos
780 1369 836 1432 sihi
858 1370 1012 1449 cognovit,
1034 1370 1126 1432 multa
1146 1371 1312 1451 pollicendo

239 1457 406 1535 persuadet,
421 1457 465 1517 uti
479 1455 651 1535 iugurtham
665 1474 801 1518 maxume
812 1454 924 1530 rivum,
939 1456 985 1516 sin
1000 1455 1029 1518 id
1044 1474 1150 1535 parum
1165 1458 1312 1536 procedat,

240 1549 378 1602 necatum
392 1541 449 1604 sibi
460 1542 626 1617 traderent3
643 1548 774 1602 ceterum
785 1540 890 1621 palam,
907 1559 982 1620 quae
994 1559 1030 1602 ex
1040 1541 1193 1604 voluntate
1208 1543 1311 1614 forent,

202 1637 218 1688 t
239 1626 301 1706 regi
318 1627 448 1688 nuntiari
463 1626 555 1688 iubet.
584 1626 697 1688 Deinde
711 1627 775 1707 ipse
790 1625 892 1705 paucis
904 1626 1010 1688 diebus
1026 1626 1141 1688 intento
1164 1636 1253 1706 atque
1268 1628 1311 1688 in·

238 1711 315 1773 sesto
343 1712 474 1804 exercjtu
495 1713 527 1773 in
549 1711 714 1773 Numidiam
743 1711 892 1791 procedit,
916 1711 966 1772 uhi
988 1721 1093 1772 contm
1116 1711 1186 1772 belli
1208 1713 1309 1774 faciem

238 1797 357 1876 tuguria
372 1798 460 1877 plena
474 1797 644 1871 hominum,
660 1815 769 1877 pecora
791 1795 979 1876 cultoresque
1001 1796 1032 1858 in
1054 1797 1133 1876 agris
1154 1806 1256 1874 erant;
1278 1816 1310 1858 eu

240 1881 357 1962 oppidis
371 1891 401 1944 et
413 1883 578 1962 mapalibus
589 1882 731 1961 praelecti
743 1881 822 1961 regis
833 1881 910 1945 obuii
921 1881 1132 1961 procedebant,
1148 1884 1241 1962 parati
1253 1883 1311 1944 iru-

238 1975 374 2030 mentum
390 1967 469 2042 dare,
484 1977 681 2029 commeatum
695 1976 832 2048 portare,
847 1976 999 2047 postremo
1015 1967 1115 2029 omnia
1131 1985 1208 2046 quae
1222 1968 1310 2049 impe·

202 2064 217 2114 6
238 2063 379 2114 rarentur
391 2055 498 2114 lacere.
527 2053 629 2130 Neque
647 2051 782 2114 Metellus
796 2051 907 2114 idcirco
925 2051 1033 2125 minus,
1049 2052 1100 2114 sed
1115 2053 1229 2132 pariter
1242 2072 1275 2114 ac
1289 2053 1309 2113 si

240 2139 340 2199 hostes
354 2139 505 2212 adessent,
521 2137 637 2198 munito
652 2137 769 2216 agmine
787 2137 941 2212 incedere,
957 2137 1014 2198 late
1029 2137 1185 2216 explorare
1208 2139 1309 2212 omnia,

239 2222 288 2283 illa
303 2222 461 2285 deditionis
475 2222 559 2300 signa
575 2221 702 2284 ostentui
724 2221 845 2282 credere
861 2230 890 2282 et
911 2221 1025 2284 insidiis
1046 2222 1145 2284 locum
1168 2223 1309 2304 temptari.

203 2320 217 2368 1
239 2307 342 2385 ltaque
356 2307 420 2386 ipse
435 2324 502 2366 cum
519 2305 662 2385 expeditis
672 2305 853 2380 cohortibus,
869 2307 939 2368 item
955 2306 1140 2369 funditorum
1157 2309 1309 2388 1111ςὶ111-

241 2391 354 2452 riorum
369 2391 481 2453 delecta
496 2409 586 2452 manu
602 2391 680 2470 apud
701 2391 814 2471 primos
836 2401 913 2468 erat;
936 2392 966 2453 in
990 2400 1141 2472 postremo
1158 2393 1190 2454 C.
1206 2394 1308 2455 Marius

271 2505 321 2561 46.
340 2510 363 2558 1.
374 2509 542 2560 innocentia:
560 2523 592 2560 uu
605 2507 659 2560 Gal.
672 2511 714 2572 71,
728 2512 751 2572 1,
802 2508 837 2560 im
855 2507 1025 2574 allgemeinen
1042 2507 1114 2560 nicht
1126 2509 1263 2577 abgeneigl
1273 2509 1309 2562 sei

172 2623 176 2630 .
273 2573 370 2628 doma:
398 2571 459 2630 ‘von
489 2575 554 2630 Rom
578 2569 637 2630 her'
659 2575 751 2641 (durch
802 2575 854 2629 und
875 2575 927 2642 dgl
942 2576 1028 2639 mehr,
1045 2576 1108 2629 luuru
1126 2577 1210 2631 lenter
1227 2577 1311 2644 Dioge,

240 2643 343 2708 Briele).
802 2645 844 2698 die
863 2659 891 2696 er
907 2659 970 2710 gern
987 2643 1066 2698 boren
1085 2645 1180 2698 werde.

273 2714 297 2764 1.
315 2712 465 2780 suppliciis:
488 2712 608 2766 durunter
626 2713 684 2766 sind
697 2712 752 2765 hier
836 2716 860 2764 b.
874 2713 969 2764 deinde
980 2717 1042 2766 etc:
1060 2727 1112 2766 von
1124 2713 1180 2766 hier
1194 2714 1234 2768 bis
1246 2718 1284 2777 61,
1299 2715 1307 2766 1

241 2780 282 2832 die
306 2780 416 2834 heichen
439 2797 471 2834 zu
492 2781 626 2841 uerstehn,
653 2781 752 2834 welche
802 2779 1311 2847 1111111111111111111111111111111-

240 2847 281 2902 111
289 2864 333 2901 um
345 2848 452 2902 Frieden
464 2848 597 2901 biltenden
607 2848 752 2901 Geseudten
803 2863 881 2915 uuges
904 2847 949 2902 des
972 2847 1093 2902 Metellus
1121 2850 1156 2902 im
1181 2850 1244 2904 llest
1268 2849 1311 2902 des

238 2917 448 2980 (caduceatores)
465 2932 497 2967 uu
519 2921 607 2982 trogen
630 2916 753 2982 phoglen,
804 2915 935 2970 Sommers
953 2920 1002 2970 641
1020 2918 1101 2982 (109).

239 2983 752 3052 1111111111θί-ο1.111111η111131;
836 2983 949 3045 insede:
971 2985 1111 3050 cigentlich
1133 2980 1177 3039 ‘im
1202 2985 1310 3040 Eiodrin

239 3053 306 3106 deun
324 3052 395 3104 dicse
412 3051 511 3104 hiessen
534 3052 600 3104 cuch
626 3051 753 3118 gerudezu
801 3067 853 3136 qen
871 3052 917 3104 aul
932 3051 982 3105 den
999 3051 1078 3106 Feind
1096 3049 1238 3119 begriffen’,
1261 3054 1310 3107 also

237 3121 383 3187 mpplicta3
401 3118 492 3171 andere
503 3120 558 3175 Cat.
571 3123 613 3185 52,
630 3123 676 3182 19;
694 3118 753 3187 lug.
811 3115 1011 3187 angrillslertig'.

239 3191 281 3252 66,
300 3190 324 3239 1.
837 3185 1311 3256 commeatamporlurcr‘denlluiegs·

273 3259 297 3309 4.
316 3255 448 3306 diuersos:
467 3256 518 3308 wie
536 3256 589 3308 Get.
607 3257 649 3321 10,
666 3259 691 3308 1.
802 3254 894 3310 111111
910 3252 1126 3313 lortuuschuffetl’.
1359 3315 1360 3322 ,

269 3323 412 3390 procedat:
436 3323 501 3377 dher
524 3323 569 3376 das
588 3321 701 3390 Tempus
718 3337 751 3375 uu
837 3329 861 3378 6.
878 3328 978 3377 milwe:
998 3325 1073 3378 niml.
1092 3342 1173 3392 quam
1189 3327 1311 3378 11111111
1359 3339 1360 3378 1

239 3392 293 3445 (lut
312 3393 353 3458 31,
371 3394 400 3453 1;
418 3391 482 3444 uber
497 3391 548 3445 den
564 3389 701 3444 Ausdruelu
717 3407 750 3444 zu
803 3392 931 3444 adoreon.

239 3462 281 3524 ³5,
298 3462 323 3512 4.
835 3463 939 3512 munile
962 3464 1082 3526 11111111
1107 3478 1152 3515 zur
1175 3461 1310 3526 Erkliruug

269 3529 374 3594 palam:
385 3526 420 3578 im
432 3526 470 3580 Ge
488 3531 592 3581 ensatue
604 3543 636 3580 zu
649 3526 752 3594 denge-
803 3543 824 3582 s.
841 3528 859 3594 ξ
878 3533 892 3581 1
910 3527 987 3580 nebst
1004 3529 1050 3584 der
1066 3531 1141 3584 dnm.

238 3595 340 3648 heimen
358 3542 581 3663 verecndiam,
598 3595 649 3648 wic
666 3597 708 3661 29,
725 3599 751 3648 1.
835 3597 944 3648 11111111
950 3598 1037 3652 locum
1043 3602 1179 3666 implori:
1189 3598 1310 3664 ethiope

273 3679 343 3729 qaae
354 3701 361 3715 .
371 3700 378 3715 .
388 3701 395 3715 .
407 3663 511 3725 forent:
525 3663 600 3718 nimi.
613 3665 682 3730 regi.
704 3662 752 3716 Die
804 3679 855 3718 von
861 3665 977 3718 1111111.
985 3665 1156 3720 Iler-Sinnist:
1164 3663 1310 3733 dieGegend

238 3732 359 3786 Antwort
373 3732 407 3784 ist
419 3731 571 3786 abeichtllch
588 3731 755 3785 unbestimmt
804 3731 891 3786 werde
912 3733 990 3787 durch
1013 3735 1087 3788 einen
1108 3733 1250 3788 llinlerhall
1273 3735 1309 3786 be·

239 3800 291 3854 und
304 3799 440 3866 allgemein
453 3800 584 3867 scheller:
602 3816 620 3851 r
638 3800 656 3853 1.
669 3801 712 3866 41,
723 3805 754 3855 4:
805 3800 888 3865 droht,
901 3802 1020 3855 unsicher
1031 3804 1158 3869 gemacht,
1175 3801 1309 3871 gelibrdet.

239 3869 277 3921 sie
307 3867 401 3922 sollteu
432 3867 490 3922 dem
516 3867 600 3935 lidnig
621 3815 755 3936 ilollnung
840 3871 863 3921 l.
883 3869 909 3922 0.
927 3870 1044 3925 Marius:
1061 3871 1125 3924 uber
1142 3871 1233 3926 descen
1251 3869 1308 3924 llor-

239 3937 360 4004 macben,
378 3938 431 3991 ihm
448 3951 542 4004 sagon,
566 3938 616 3990 wie
634 3935 755 3992 Metellus
806 3937 881 3990 leben
899 3937 951 4005 rgl.
970 3939 1012 4004 61,
1031 3941 1046 3993 3
1064 3938 1090 3994 il.
