2766 4568
366 290 408 343 llll
425 289 528 343 netto
546 289 698 344 lucullum
734 291 761 343 G.
778 294 820 348 95.
838 294 880 345 tlt.
1096 288 1158 351 2⁰3

71 469 166 530 nitos
180 475 210 527 et
223 466 279 528 sibi
294 465 382 540 utilis,
398 465 485 528 simul
500 475 530 527 ct
544 483 681 546 magnam
696 465 855 545 pecuniam
869 467 1016 542 amiserat,
1032 469 1068 528 ad
1083 465 1159 531 Boc·

72 553 174 614 chum
190 551 313 613 nuntios
332 550 426 613 misit:
449 569 538 630 quam
559 551 689 631 primum
709 551 740 611 in
756 551 923 613 Numidiam
944 553 1045 632 copias
1066 554 1159 616 addu-

76 646 183 713 ceret;
199 636 293 716 proeli
311 636 440 697 faciundi
457 645 576 716 tempus
592 637 703 698 adesse.
727 636 822 708 Quem
833 636 885 698 ubi
897 638 1031 698 cunctari
1046 641 1160 719 accepit
1182 649 1197 700 t

73 733 112 784 et
127 722 250 784 dubium
266 721 336 783 belli
347 730 436 800 atque
446 721 528 802 pacis
539 723 670 784 rationes
680 721 807 796 trahere,
823 739 926 784 rursus
936 723 980 783 uti
992 731 1077 784 antea
1088 742 1159 804 pro-

72 827 190 870 xumos
212 806 275 868 eius
296 807 383 868 donis
404 807 539 886 corrupit
565 806 682 888 ipsique
703 807 806 868 Mauro
828 807 985 886 pollicetur
1005 808 1158 870 Numidiae

73 903 198 976 partem
216 891 348 966 tertiam,
370 891 394 953 si
416 903 467 952 aut
481 893 607 954 Romani
623 892 720 953 Africa
743 892 857 971 expulsi
879 903 929 954 aut
953 893 1078 970 integris
1096 895 1159 956 suis

73 979 195 1040 finibus
216 977 325 1038 bellum
346 978 543 1057 compositum
558 978 645 1039 leret.
675 977 719 1038 Eo
733 977 865 1057 praemio
881 979 1008 1040 inlectus
1022 979 1157 1040 Bocchus
1178 987 1193 1037 a

74 1081 153 1126 cum
166 1081 274 1143 magna
288 1062 477 1124 multitudine
493 1062 666 1142 lugrrrtham
682 1062 804 1124 accedit

168 1148 210 1209 lta
222 1147 376 1208 amborum
390 1148 521 1209 exercitu
532 1149 695 1210 coniuncto
702 1147 826 1210 diarium
838 1148 895 1209 iam
907 1149 939 1210 in
951 1148 1076 1209 hiberna
1087 1167 1159 1229 pro-

74 1235 267 1296 ticiscentem
280 1231 328 1293 vix
343 1232 466 1293 decuma
482 1243 566 1312 parte
581 1233 628 1294 die
643 1233 757 1312 reliqua
778 1233 937 1310 invadunt,
960 1234 1015 1295 rati
1030 1243 1158 1307 noctem,

76 1336 160 1399 quae
179 1318 236 1379 iam
258 1317 374 1392 aderat,
399 1327 428 1379 et
447 1317 531 1380 victis
552 1318 607 1380 sibi
628 1319 815 1380 munimento
837 1319 901 1380 tore
924 1326 954 1381 et
975 1319 999 1382 si
1020 1319 1160 1382 vicissent

75 1403 166 1466 nullo
177 1403 399 1483 impedimento,
416 1403 483 1483 quia
498 1404 632 1465 locorum
648 1405 777 1465 scientes
793 1413 888 1478 erant,
901 1411 1006 1466 contra
1016 1403 1159 1466 Romanis

75 1499 244 1568 utrumque
259 1505 360 1549 casum
376 1489 408 1550 in
422 1488 556 1550 tenebris
570 1488 765 1550 difficiliorem
777 1490 850 1550 lore.
881 1488 976 1568 Igitur
986 1490 1074 1551 simul
1086 1509 1160 1552 con·
1181 1500 1196 1550 t

77 1573 131 1636 sul
146 1592 182 1636 ex
197 1573 297 1634 multis
311 1572 348 1634 de
359 1572 489 1636 hostium
504 1574 629 1636 adventu
646 1574 786 1653 cognovit
800 1582 830 1635 et
840 1574 897 1653 ipsi
909 1575 1009 1636 hostes
1021 1575 1158 1650 aderant;

76 1668 112 1721 et
126 1659 210 1739 prius
225 1675 314 1737 quam
329 1659 477 1720 exercitus
499 1668 549 1720 aut
564 1658 670 1720 instrui
685 1667 735 1719 aut
749 1659 880 1720 sarcinas
895 1659 1051 1736 colligere,
1074 1660 1159 1722 deni·

77 1761 141 1824 que
170 1753 240 1804 ante
269 1761 357 1821 quam
386 1745 504 1822 signum
524 1751 575 1805 ant
600 1743 757 1822 imperium
784 1743 876 1804 ullum
899 1744 1034 1822 accipere
1056 1745 1158 1823 quivit,

77 1830 198 1909 equites
213 1829 309 1890 Mauri
329 1835 416 1907 atque
432 1829 561 1903 Gaetuli,
584 1845 646 1889 non
668 1829 731 1889 acic
753 1847 851 1907 neque
872 1829 934 1890 ullo
955 1847 1037 1890 more
1052 1830 1158 1909 procli,

77 1915 135 1978 sed
150 1914 336 1988 catervatim,
358 1914 401 1975 uti
423 1933 557 1993 quosque
579 1914 641 1974 lors
662 1913 905 1992 conglobaverat,
928 1913 959 1974 in
976 1923 1095 1976 nostros
1111 1915 1159 1975 in·

78 2007 224 2075 currunt;
248 1999 299 2078 qui
321 2017 440 2074 omnes,
462 1999 570 2078 trepidi
591 1998 741 2078 inproviso
763 2006 843 2060 metu
865 2016 899 2059 ac
920 2006 1020 2061 tamen
1042 1999 1161 2060 virtutis
1181 2009 1196 2059 t

76 2102 239 2159 memores,
256 2092 306 2146 aut
321 2103 400 2145 arma
416 2085 572 2164 capiebant
586 2092 637 2144 aut
651 2084 795 2163 capientis
817 2083 889 2145 alios
903 2082 1091 2163 abyhosttbus
1106 2083 1158 2145 de·

76 2169 254 2246 fensahant3
276 2187 344 2248 pars
366 2189 459 2249 equos
481 2169 659 2242 escendere,
685 2168 800 2231 obviam
821 2169 864 2230 ire
885 2168 1036 2245 hostibus;
1058 2188 1158 2250 pugna

77 2255 238 2318 latrocinio
253 2254 346 2333 magis
361 2273 451 2333 quarn
463 2255 578 2336 proelio
590 2254 693 2317 similis
708 2255 789 2332 tieri3
809 2254 874 2317 eine
890 2253 983 2333 signis
998 2254 1063 2316 sine
1080 2254 1158 2315 ordi-

77 2341 172 2404 nibus
184 2340 299 2419 equites
308 2340 483 2419 peditesque
494 2340 631 2422 pennixti
642 2341 748 2401 cedere
760 2341 808 2402 alii
820 2340 869 2402 alii
881 2340 1062 2414 conuocari,
1074 2340 1159 2401 multi

78 2436 188 2488 contra
203 2425 342 2486 advorsos
351 2439 511 2487 ¹acerrume
525 2433 695 2506 pugnantes
710 2425 747 2485 ab
763 2434 847 2504 tergo
864 2424 1087 2502 circumvenir13
1105 2443 1158 2486 ne·

78 2530 141 2591 que
155 2511 248 2572 virtus
263 2529 363 2589 neque
377 2528 459 2571 arma
474 2511 544 2572 sotis
562 2518 679 2590 tegere,
702 2510 771 2589 quia
791 2510 893 2572 hostes
914 2529 1041 2572 numero
1057 2510 1159 2590 plures

112 2623 156 2681 97.
170 2629 192 2678 1.
204 2627 356 2692 pecuniam:
370 2624 424 2678 dies
436 2625 593 2677 nementlich
643 2641 749 2676 somnos
766 2628 795 2676 in
813 2627 949 2678 barbaros.

75 2694 159 2747 durch
183 2692 232 2746 den
254 2691 359 2746 Verlust
382 2692 427 2746 der
450 2692 592 2760 Bergleste,
679 2694 784 2744 consul:
811 2707 930 2758 ungeueu
947 2692 1012 2745 wird
1034 2692 1091 2745 hier
1107 2694 1159 2747 wie

75 2762 132 2830 vgl.
150 2763 192 2828 92,
210 2765 234 2815 6.
647 2761 946 2824 roo,3.tot‚1.103
984 2761 1070 2813 «lund
1091 2763 1159 2814 noch

113 2833 137 2883 2.
157 2832 274 2882 traicere:
293 2845 325 2881 zu
344 2832 385 2894 sl,
402 2833 426 2882 4.
646 2830 703 2892 109,
718 2831 734 2881 2
751 2826 847 2880 Marius
864 2800 963 2880 ltonsui
980 2833 1107 2896 genannt3
1126 2845 1158 2882 zu

111 2900 156 2949 uti
172 2903 264 2949 nutem
282 2913 327 2950 zur
340 2895 422 2950 Sache
441 2897 493 2964 vgl.
508 2899 548 2962 80,
568 2899 591 2951 3.
644 2897 686 2961 39,
704 2897 728 2948 2.

113 2968 136 3021 3.
156 2967 318 3031 Iugurtham
335 2967 450 3017 accedit:
469 2981 500 3017 zu
514 2968 554 3032 18,
566 2968 591 3018 9.
676 2967 799 3016 sarcinas
824 2963 964 3028 colligere:
991 2964 1060 3030 dies,
1086 2973 1159 3018 sonat

111 3038 142 3085 tn
163 3035 274 3086 trema
296 3033 444 3100 proficue:
469 3034 516 3085 aui
536 3032 594 3085 dem
644 3049 713 3085 aare.
741 3030 865 3094 oensem
889 3039 1015 3098 genennt,
1047 3033 1159 3099 geschalr

75 3101 212 3169 Rdckweg
234 3117 286 3153 von
315 3101 360 3154 der
382 3101 537 3169 Expedition
562 3116 594 3154 an
645 3115 693 3154 vor
710 3100 808 3167 Beginn
828 3101 897 3152 einer
915 3098 1037 3152 Schlncht
1054 3099 1106 3152 und
1125 3101 1159 3154 ist

76 3172 127 3224 den
146 3167 289 3222 Muluccha.
645 3169 717 3221 nicht
733 3185 765 3222 zu
776 3169 952 3222 verweclrseln
970 3169 1017 3222 mit
1029 3186 1093 3220 unsa
1106 3170 1160 3221 col-

113 3239 170 3292 dio:
188 3253 220 3290 an
239 3240 281 3302 21,
299 3239 322 3288 2.
645 3238 738 3302 ligere,
749 3251 805 3289 was
816 3236 885 3289 heinr
894 3235 1025 3290 Auibruch
1038 3237 1084 3290 des
1095 3236 1161 3290 liee-

111 3307 186 3359 nullo
213 3306 415 3372 impedimento:
441 3304 485 3357 der
508 3303 593 3357 Ablat.
643 3320 685 3358 res
703 3321 749 3358 aus
768 3304 826 3357 dem
842 3304 924 3370 Lager
941 3305 1061 3371 gescheh.

76 3371 593 3444 qualitlnwechselndcrllonstrnlrtion.
678 3370 1160 3440 cgnamzinverblndongmltnllum

74 3473 112 3482 —
129 3427 255 3508 florigena
280 3442 314 3493 ist
337 3441 392 3494 hier
415 3456 447 3492 nn
471 3440 512 3493 die
531 3439 594 3492 Ver·
644 3442 714 3493 steht
736 3441 762 3493 in
787 3455 852 3507 ganz
878 3440 1057 3506 allgemeineur
1082 3440 1158 3502 Sino:

76 3511 187 3577 tolgung
199 3508 243 3561 der
255 3508 349 3561 Feinde
367 3509 432 3562 nach
445 3509 503 3561 dem
516 3507 592 3576 Siege
644 3509 685 3562 die
698 3508 820 3561 Soldnten
838 3507 963 3561 belismen
976 3507 1036 3561 luein
1049 3509 1160 3562 Zeichen

75 3596 110 3632 zu
136 3577 250 3638 denlren;
282 3576 360 3629 daher
390 3578 455 3632 auch
481 3578 593 3630 nachher
642 3576 731 3645 irgend
751 3577 822 3630 einer
839 3577 893 3641 Art,
914 3577 975 3630 kein
993 3575 1161 3645 'l'rompeten-

76 3645 593 3711 difficilioremnichtgrnoiorem,wel·
643 3646 734 3712 signal,
753 3645 829 3698 locine
846 3645 956 3712 Losung.

77 3715 140 3767 clres
157 3714 264 3766 letztere
282 3712 328 3765 aul
344 3711 392 3764 den
406 3711 460 3765 Fall
479 3713 525 3766 des
537 3713 592 3766 Sie—
678 3719 702 3765 5.
715 3713 864 3765 escendere:
883 3717 945 3766 statt
957 3711 1002 3766 des
1019 3712 1160 3779 gebrliuch·

77 3797 125 3850 με
146 3783 217 3834 nicht
241 3781 397 3834 anwendbar
421 3781 478 3834 sein
494 3780 592 3834 wurde.
642 3781 755 3833 licheren
768 3779 921 3842 accendam
939 3780 1000 3834 Sall.
1014 3781 1068 3833 will
1080 3795 1159 3847 engen

113 3853 137 3902 l.
155 3851 251 3901 umal.
262 3886 284 3901 ..
295 3853 333 3900 et:
350 3849 404 3914 vgl.
417 3848 477 3902 Tac.
489 3850 555 3902 Anu.
568 3853 593 3914 t,
642 3843 737 3915 ‘einige
759 3849 852 3902 lernen
875 3851 951 3913 (trote
974 3848 1038 3901 aller
1054 3847 1160 3900 llinder·

78 3917 262 3982 reumaque
284 3920 394 3983 σοφίαι
411 3917 468 3968 dtas
488 3923 515 3968 at
532 3933 595 3968 con·
644 3917 713 3969 nisse
735 3916 787 3969 und
810 3917 836 3968 in
889 3917 957 3969 olser
978 3916 1044 3979 lille)
1070 3914 1159 3982 qltlclt·

77 3990 157 4040 centu
179 3987 304 4037 mearum
320 4021 326 4036 .
342 4022 349 4037 .
365 3985 501 4036 aderam
517 3988 595 4036 cami-
644 3984 697 4037 liclr
715 3984 761 4038 ani
777 3984 818 4037 die
836 3978 946 4037 Perde'.
