2766 4568
262 260 324 326 180
640 262 666 314 C.
685 259 841 316 suutusrr
858 258 961 314 oursel

260 437 374 500 tardius
389 437 459 498 iere.
490 436 523 497 ld
544 435 720 498 socordiane
742 452 779 496 eu
800 453 871 496 casu
893 434 1048 508 acciderit,
1070 453 1174 515 parum
1197 435 1327 514 cognovi.

222 533 238 583 6
260 523 397 586 Ceterum
412 522 488 584 solet
502 522 533 582 in
549 520 605 582 illis
620 520 693 582 locis
707 527 866 599 tempestas
887 519 964 582 haud
987 537 1074 582 mous
1096 529 1184 599 atque
1206 519 1238 580 in
1263 520 1327 580 mari
1362 509 1363 528 ¹

259 609 405 683 retinere3
421 626 490 668 nam
505 605 557 667 uhi
567 623 626 685 »per
640 605 705 666 looa
720 605 853 683 aequalia
867 614 897 666 ot
919 604 998 665 nude
1019 604 1207 684 gignentium
1230 616 1328 666 ventus

260 703 379 755 coortus
393 694 534 753 harenam
547 691 639 751 humo
656 690 799 764 excitavit,
815 708 849 750 ea
864 707 971 768 magna
985 689 1012 750 vi
1028 690 1134 768 agitata
1150 708 1202 750 ora
1217 691 1327 752 oeulos·

211 785 237 838 ²·'t
258 797 315 858 qne
330 777 446 858 inplere
458 777 549 838 solet:
565 776 604 836 ita
619 783 779 854 prospectu
794 775 935 855 hupedito
952 775 1063 838 morari
1078 775 1142 838 iter.
1172 775 1327 854 Postquam

259 861 445 944 Cyrenenses
457 862 608 940 eliquanto
623 861 805 940 posteriores
819 880 852 921 se
868 879 931 922 esse
946 859 1047 922 vident
1066 869 1099 922 et
1120 859 1158 920 oh
1180 879 1249 922 rem
1272 879 1327 922 eor·

260 947 376 1028 ruptam
399 947 613 1026 douispoeaas
635 955 787 1021 metuunt,
810 945 959 1006 criminari
990 944 1241 1024 Carthaginiensis
1269 955 1327 1008 ante

259 1033 378 1112 tempus
392 1031 659 1111 domoruigrossos
675 1029 856 1093 conturbare
875 1048 954 1104 rem,
977 1030 1107 1109 denique
1129 1031 1230 1092 omnia
1252 1031 1327 1094 malle

222 1129 237 1180 8
258 1137 345 1198 quarn
367 1117 436 1178 vieti
456 1115 564 1177 abire:
581 1115 644 1176 'Sed
664 1134 734 1176 cum
755 1115 848 1178 Poeni
870 1115 955 1177 aliem
967 1114 1198 1188 eondioionem,
1221 1126 1326 1178 tantum

259 1204 350 1264 modo
363 1219 503 1281 aequam,
519 1209 671 1281 peterent,
687 1201 790 1262 Graeci
810 1201 962 1280 optionem
984 1199 1274 1280 Carthaginiensium
1294 1204 1306 1262 l
1318 1233 1327 1244 -

260 1288 362 1362 oiunt,
375 1295 408 1350 ut
420 1287 469 1347 rel
479 1286 628 1364 -dli3·quos
642 1287 711 1347 linis
726 1286 838 1366 populo
856 1305 911 1348 suo
931 1294 1084 1365 peterent,
1097 1285 1140 1348 ibi
1155 1285 1213 1348 vivi
1229 1287 1327 1348 obrue·

259 1382 378 1445 rentur,
393 1371 554 1433 rel'eadem
572 1371 840 1450 eondioidnemese,
859 1390 947 1451 quem
962 1370 992 1432 in
1007 1370 1108 1433 locum
1126 1371 1252 1446 uellent,
1268 1391 1325 1452 pro·
1362 1395 1363 1444 3

221 1469 237 1518 9
259 1472 405 1520 cessuros.
435 1456 568 1518 Philaeni
581 1456 760 1518 eoudioione
774 1455 898 1535 probata
915 1473 1006 1534 seque
1027 1456 1174 1535 vitamque
1194 1475 1281 1518 suam
1294 1455 1326 1518 rei
1362 1481 1363 1488 ¹

209 1552 238 1603 10
258 1541 395 1623 puhlioae
409 1543 633 1603 condonavere:
649 1542 689 1603 ita
703 1541 759 1601 vivi
771 1540 880 1602 obruti.
908 1540 1166 1620 Carthaginienses
1177 1542 1209 1602 io
1223 1562 1260 1603 eo
1271 1543 1325 1603 loeo

186 1612 407 1858 &hibernis
421 1626 563 1688 tratribus
578 1643 642 1690 aras
657 1642 885 1700 consecravere,
906 1626 1015 1704 aliique
1032 1625 1089 1688 illis
1102 1625 1184 1688 domi
1206 1627 1326 1690 honores

259 1713 396 1777 instituti.
433 1713 521 1774 Nunc
536 1713 570 1772 ad
586 1731 648 1772 rem
664 1711 764 1772 redeo.

346 1797 496 1877 iugurtha,
512 1805 669 1877 postquam
689 1797 795 1858 amissa
813 1795 901 1856 Thala
922 1795 996 1858 nihil
1009 1795 1079 1858 setis
1093 1797 1214 1860 mmum
1237 1805 1326 1858 eontra

260 1883 409 1943 lletellum
430 1891 529 1961 putat,
551 1899 607 1960 per
628 1899 751 1960 mugnus
771 1881 945 1943 solitudines
966 1899 1035 1942 oum
1057 1882 1159 1960 paneis
1185 1883 1326 1960 proiectus

260 1966 445 2048 pervenitad
461 1965 613 2040 Gaetulos,
630 1985 725 2046 genus
745 1966 899 2027 hominum
915 1965 1011 2026 lerum
1028 1965 1239 2045 incultumque
1254 1979 1282 2028 et
1299 1984 1325 2025 eo

224 2061 392 2132 ttempore
418 2053 555 2131 ignarum
586 2051 715 2114 nominis
743 2051 879 2110 Romani.
918 2049 1029 2111 Eorum
1058 2049 1279 2113 multitudinem
1302 2051 1324 2110 iu

260 2157 355 2202 unum
370 2138 450 2215 cogit
464 2154 498 2196 ac
512 2135 653 2216 paulatim
668 2129 848 2198 oonsuelaoit
869 2135 988 2196 ordines
1003 2135 1128 2212 hahere,
1144 2137 1231 2216 signe
1245 2135 1324 2216 sequi,

222 2231 237 2280 s
259 2222 417 2302 imperium
432 2221 603 2295 ohservare,
620 2221 690 2281 item
705 2220 760 2283 alia
783 2219 918 2284 militaria
938 2221 1046 2282 lasere.
1081 2219 1239 2286 Praeterea
1261 2220 1326 2299 regis

260 2306 370 2367 Booohi
385 2323 547 2385 proxumos
561 2305 676 2384 magnis
697 2305 871 2368 muneribus
895 2313 924 2365 et
945 2304 1107 2367 maioribus
1127 2308 1281 2386 memissis
1298 2305 1325 2365 ad

260 2391 390 2452 studium
406 2390 452 2451 sui
466 2389 617 2469 perduoit;
633 2391 699 2469 quis
714 2390 898 2452 adiutoribus
913 2407 1013 2470 regem
1036 2407 1192 2470 aggressus
1213 2391 1325 2472 inpellit.

222 2487 238 2535 4
259 2475 302 2536 uti
317 2475 458 2536 advorsus
473 2474 624 2537 Romanos
639 2473 752 2538 bellum
773 2474 903 2556 incipiat.
933 2475 966 2536 ld
981 2493 1015 2536 ea
1029 2477 1122 2554 gratia
1137 2477 1253 2540 laeilius
1266 2495 1325 2558 pro·

260 2561 388 2639 niusque
402 2561 473 2635 luit,
496 2561 576 2640 quod
593 2561 730 2624 Bocchus
751 2561 836 2626 initio
857 2561 981 2624 huiusce
1001 2561 1071 2622 belli
1085 2561 1199 2640 legatos
1215 2563 1326 2624 Roman

222 2655 237 2706 5
259 2646 379 2708 miseret
396 2646 499 2708 foedus
521 2656 552 2708 et
570 2647 727 2709 amicitiam
748 2645 889 2725 petitum,
911 2664 998 2724 quam
1021 2664 1083 2707 rem
1107 2648 1326 2726 opportunissu-

293 2783 317 2834 6.
339 2782 468 2832 retinere:
491 2778 537 2831 das
557 2777 615 2845 obj.
636 2779 726 2832 leioht.
740 2795 771 2835 zu
858 2794 923 2844 quoa
938 2779 1014 2841 finis:
1039 2778 1085 2832 aul
1099 2781 1139 2830 idi
1154 2796 1188 2833 zo
1205 2780 1326 2838 heaiehen,

259 2848 415 2915 suppliereu.
823 2847 873 2898 wie
886 2850 927 2911 74,
939 2848 967 2900 31
986 2861 1022 2898 ua
1033 2849 1063 2898 in
1070 2852 1154 2912 parta
1164 2885 1171 2900 .
1181 2884 1189 2900 .
1198 2887 1205 2900 .
1214 2851 1263 2914 idi,
1278 2848 1326 2900 ehu

290 2919 474 2982 gignentim:
487 2913 638 2980 bezeichnet
646 2913 709 2978 hier,
722 2914 772 2966 wie
823 2915 849 2965 in
861 2914 964 2968 lreierer
1008 2915 1099 2968 eiee==
1107 2919 1138 2968 io
1147 2933 1178 2968 eo
1191 2917 1251 2970 loeo
1263 2929 1325 2982 quen

168 3033 169 3038 ,
258 2987 300 3047 93,
312 2989 336 3047 4,
348 2982 399 3036 und
421 2983 485 3034 auch
502 2981 544 3033 hei
560 2981 655 3036 andern
667 2979 773 3034 Schrilt·
823 2982 887 3045 finis
902 2986 1031 3049 paterent.
1053 2993 1054 3000 ¹

258 3051 364 3104 stellern
374 3051 425 3103 alle
436 3047 623 3115 Vegetabilien,
632 3048 671 3102 als
679 3043 773 3102 ‘Keim-
858 3049 905 3104 Sd.
927 3055 948 3104 1.
968 3051 1106 3102 Gaetulos:
1126 3053 1166 3115 18,
1184 3053 1210 3105 9.

258 3111 407 3181 treihende’,
425 3117 480 3168 also
499 3115 620 3168 Pllanzen
648 3115 753 3170 Bdume.
858 3121 882 3170 3.
896 3135 1060 3184 prosumo-r:
1077 3119 1131 3172 Cal.
1151 3124 1183 3172 14
1211 3122 1235 3173 3.

294 3189 316 3237 t.
346 3185 499 3252 aliquanto:
533 3183 578 3236 der
603 3157 772 3238 Ilntersonied
857 3189 881 3239 4.
899 3187 941 3238 id:
959 3187 1005 3239 dos
1019 3188 1167 3253 amrelmo,
1183 3158 1325 3242 llberreden.

258 3253 460 3318 warallerdings
470 3251 626 3304 ansehnlich.
648 3252 698 3304 Iler
707 3251 773 3319 Weg
858 3269 889 3306 ea
903 3259 1013 3320 gratie:
1030 3271 1065 3308 zu
1083 3259 1124 3321 54,
1140 3259 1166 3310 4.

257 3336 310 3373 von
331 3320 472 3372 Philaenon
489 3319 555 3372 Arae
578 3320 619 3372 his
643 3319 772 3386 Karthago
854 3326 982 3387 pronius:
997 3321 1228 3390 rendlaodlungeo
1240 3325 1326 3390 gessit

258 3390 331 3441 hetrd
352 3385 495 3454 thelllolig
508 3391 556 3441 teo
569 3403 656 3455 geogr.
669 3387 771 3454 Molles,
824 3387 865 3442 die
877 3390 933 3442 sieh
944 3390 1002 3444 dem
1013 3390 1118 3458 Erlolge
1128 3393 1265 3458 auneigen,
1281 3388 1325 3442 sich

258 3403 772 3524 nachlyrenegegensogeogrhleilen.
824 3473 875 3510 von
893 3458 974 3512 eelhst
991 3459 1111 3519 mnohens
1130 3460 1183 3525 ngl.
1204 3465 1261 3520 114
1279 3462 1299 3512 2.
1360 3461 1361 3486 l

293 3527 466 3576 conturbare:
491 3526 529 3576 sie
552 3525 674 3577 hraehten
692 3524 773 3578 doroh
858 3527 930 3591 quod
945 3529 1010 3580 ete:
1029 3527 1074 3582 der
1084 3527 1241 3594 eigeutliohe
1251 3521 1326 3581 erud
1360 3507 1361 3546 l

257 3592 389 3644 Einwurte
401 3591 453 3644 und
465 3591 621 3648 Zdalrereten
634 3593 677 3645 dle
690 3591 773 3646 Saohe
823 3593 890 3659 lolgt
914 3598 967 3646 eret
987 3595 1021 3648 im
1040 3595 1184 3650 nooman
1206 3612 1326 3664 qoam·-

257 3675 289 3712 so
312 3663 339 3711 in
358 3660 535 3727 Verwirrung,
559 3661 614 3713 dsls
637 3662 694 3712 eine
711 3660 773 3714 llut-
822 3663 1026 3727 impediverant,
1044 3664 1082 3716 als
1099 3679 1175 3720 weaa
1192 3664 1325 3718 {suane

259 3729 400 3795 scheidung
417 3729 565 3794 unmoglich
584 3729 680 3781 werde.
823 3730 851 3782 in
863 3744 969 3796 cogerer
981 3730 1147 3798 Verbindung
1164 3732 1247 3786 hielse
1258 3727 1326 3797 qood,

294 3799 317 3850 8,
338 3797 614 3862 Carthaginiensium:
633 3796 772 3850 Cenetivus
824 3813 884 3850 oum
901 3799 1022 3850 Bocchus
1032 3837 1038 3851 .
1049 3839 1055 3852 .
1065 3837 1072 3852 .
1083 3801 1184 3866 lagatos
1197 3800 1270 3856 um
1287 3797 1326 3850 nri·

258 3879 371 3932 possess.
384 3881 415 3918 au
431 3864 546 3927 rodunt.
576 3864 619 3918 Sis
632 3865 719 3932 legten
730 3865 772 3916 die
823 3870 1105 3921 auset...amtettiam
1126 3871 1254 3935 petitum,
1275 3879 1325 3918 em

259 3933 336 3985 Wahl
353 3935 379 3986 in
398 3933 439 3986 die
457 3932 544 3986 lldnde
563 3933 607 3987 der
623 3933 772 4000 Karthager.
823 3950 879 3984 rem
890 3973 896 3986 .
907 3972 914 3986 .
924 3939 1022 4001 gaud
1038 3937 1233 4004 impediverant
1248 3943 1294 3990 ete.
