2776 4574
377 290 419 344 na
438 289 520 344 cunr.
539 288 641 342 carru.
677 288 703 342 c.
721 291 831 343 tt-ar.
1103 287 1143 350 6³

72 483 154 528 vere:
170 484 239 527 nam
254 464 418 527 laetabatur
431 464 608 543 intellegens
622 463 829 525 coniuratione
840 465 983 543 patefacta
998 465 1143 527 civitatem

72 550 211 630 periculis
230 558 362 631 ereptam
384 567 464 626 esse;
486 566 577 629 porro
598 557 696 610 eutem
718 549 823 610 anxius
845 557 909 610 erat
933 549 1086 625 dubitans,
1112 550 1143 612 in

72 654 208 697 maxumo
223 636 335 698 scelere
349 635 440 696 tantis
455 633 568 696 civibus
582 633 775 713 deprehensis
790 634 861 712 quid
875 634 953 696 iacto
965 655 1041 716 opus
1051 643 1143 711 esset;

71 739 199 800 poenam
212 721 331 782 illorum
345 720 402 782 sihi
418 719 518 794 oneri,
540 720 736 799 inpunitatem
757 719 929 799 perdundae
950 721 993 781 rei
1008 721 1143 800 publicae

71 808 134 868 sore
157 806 305 868 credebat.
349 805 443 884 Igitur
468 806 643 866 confirmato
670 805 770 866 animo
795 805 893 865 vocari
919 804 955 866 ad
977 825 1041 868 sese
1063 805 1180 866 iubete

70 891 229 953 Lentulum
259 891 421 971 Cethegum
451 889 598 952 Statilium
625 889 784 951 Gabinium
811 891 941 970 itemque
971 890 1144 971 Caeparium

71 976 330 1051 Tarracinensem,
363 975 415 1054 qui
448 975 478 1036 in
501 975 637 1055 Apuliam
667 976 703 1036 ad
729 975 904 1037 concitanda
930 976 1046 1037 servitia
1071 994 1142 1056 pro·

69 1062 160 1122 licisoi
176 1059 308 1140 parabat
338 1059 434 1122 Ceteri
449 1060 514 1121 sine
529 1078 611 1121 mora
626 1060 765 1136 veniunt3
781 1060 953 1140 Caeparius,
971 1061 1059 1140 paulo
1074 1069 1142 1122 ante
1162 1069 1179 1120 4

70 1146 158 1208 domo
173 1164 317 1226 egressus,
333 1145 453 1224 cognito
465 1145 575 1207 iudicio
591 1165 627 1208 ex
642 1144 717 1206 urhe
728 1146 907 1226 profugerat.
939 1146 1050 1208 Consul
1065 1147 1143 1208 Len·
1164 1155 1179 1205 5

68 1231 176 1307 tulum,
200 1233 278 1311 quod
293 1239 413 1310 praetor
428 1239 506 1305 erat,
526 1231 589 1311 ipse
609 1249 700 1292 manu
719 1239 827 1292 tenens
841 1231 990 1311 perducit,
1013 1233 1143 1311 reliquos

69 1335 135 1377 cum
152 1317 323 1378 custodibus
337 1317 368 1377 in
385 1315 486 1377 aedem
502 1315 684 1378 Concordiae
699 1315 801 1377 venire
822 1315 913 1377 iubet.
948 1316 991 1378 Eo
1007 1327 1143 1380 senatum
1163 1325 1179 1376 6

68 1403 188 1464 advocat
201 1420 368 1482 magnaque
383 1401 551 1480 frequentia
567 1402 631 1463 cius
647 1401 759 1463 ordinis
773 1400 957 1462 Volturcium
980 1420 1049 1463 cum
1063 1403 1142 1483 lega-

68 1487 103 1548 tis
118 1487 297 1564 introducit;
314 1487 452 1548 Flaccum
468 1495 636 1567 praetorem
652 1486 795 1548 scrinium
818 1503 886 1547 cunr
901 1486 1016 1563 litteris,
1039 1506 1141 1568 quasa

67 1571 169 1651 legatis
184 1579 348 1652 acceperat,
364 1572 470 1633 codem
483 1571 600 1633 adferre
615 1571 706 1633 iubet.

148 1657 321 1719 Volturcius
332 1657 532 1735 iuterrogatus
547 1656 583 1717 de
595 1657 712 1729 itinere,
727 1655 763 1716 de
777 1655 892 1730 litteris,
908 1665 1058 1736 postremo
1070 1658 1140 1736 quid
1157 1657 1192 1714 lt

64 1749 112 1802 aut
126 1761 188 1822 qua
204 1742 240 1803 de
252 1761 339 1804 eausa
351 1741 457 1802 consili
467 1740 626 1816 habuisset,
641 1741 739 1821 primo
751 1741 864 1819 lingere
879 1740 943 1816 alia,
958 1741 1142 1805 dissimulare

64 1824 98 1886 de
113 1827 339 1902 coniuratione;
360 1833 443 1906 post,
461 1824 513 1887 uhi
528 1826 585 1887 lide
600 1825 719 1905 publica
734 1825 834 1886 dicere
848 1825 946 1887 iussurs
960 1836 1020 1902 est,
1043 1827 1142 1888 omnia

63 1912 104 1971 uti
118 1921 205 1992 gesta
220 1919 306 1973 erant
327 1911 422 1991 aperit
436 1911 582 1989 docetque
597 1930 628 1973 se
644 1911 748 1990 paucis
769 1918 838 1970 ante
860 1910 964 1973 diebus
985 1930 1001 1971 a
1016 1911 1141 1973 Gabinio

65 2004 90 2055 et
106 1997 251 2079 Caepario
267 1997 381 2059 socium
403 1996 546 2058 adscitum
568 1996 642 2058 nihil
664 1995 790 2075 amplius
811 1995 887 2057 scire
909 2014 998 2075 quam
1020 1997 1140 2078 legatos,

65 2088 180 2145 tantum
195 2082 284 2144 modo
301 2083 402 2143 audire
417 2081 535 2143 solitum
552 2099 587 2142 ex
602 2080 737 2155 Gabinio,
753 2081 785 2142 P.
801 2081 978 2142 Autronium
995 2082 1060 2144 Ser.
1073 2082 1140 2144 Sul·

65 2163 120 2228 lam
141 2169 176 2232 L.
200 2167 415 2249 Vargunteium
435 2167 545 2229 multos
560 2175 712 2248 praeterea
734 2166 765 2227 in
782 2184 816 2227 ea
838 2167 1045 2230 coniuratione
1068 2186 1141 2230 csse.

66 2299 193 2407 utilit
212 2282 488 2405 uttttlhutt.
505 2283 578 2403 stt
628 2283 1025 2417 ..t·.‚tt'.tta‘·.l¹t.t⁰t.t
1043 2284 1143 2420 dliii?

65 2419 232 2488 verbinduug,
245 2420 355 2486 condem
366 2419 516 2472 bezeichnet
528 2419 578 2471 deu
628 2419 678 2471 den
691 2418 768 2471 Setae
786 2435 818 2472 au
835 2420 953 2484 rehum,
971 2420 1074 2473 thulieh
1091 2421 1142 2474 wie

66 2483 193 2556 Fortgang
215 2489 261 2568 der
282 2487 447 2567 Uherlegung
470 2486 515 2539 des
538 2488 578 2540 Ci·
629 2490 670 2552 35,
689 2492 705 2539 6
728 2489 881 2539 commendo
904 2494 966 2550 etc.;
990 2487 1043 2556 lug.
1066 2491 1141 2554 63,3

65 2554 441 2674 thatthhtdttt?
459 2554 577 2676 'lidii
628 2558 944 2674 ‘aiau
964 2624 1009 2676 ...f
1024 2623 1082 2676 au
1101 2641 1142 2676 ..-

63 2686 117 2754 lug.
136 2692 178 2755 25,
196 2693 225 2751 73
247 2690 299 2756 vgl.
323 2689 389 2741 auch
407 2688 457 2741 Cic.
481 2706 505 2756 p.
524 2689 577 2743 llil.
646 2689 729 2741 itoliu.
757 2689 854 2755 Hdgel,
884 2705 924 2741 am
950 2690 1140 2744 noeddstlicheu

64 2756 88 2818 9,
102 2758 134 2808 25
160 2760 303 2809 occurebat
325 2760 350 2808 ea·
373 2757 486 2821 (Clodiu)
503 2773 578 2809 mau-
628 2705 699 2808 Cnde
717 2755 769 2807 und
787 2757 821 2807 im
833 2756 974 2823 Augesicht
987 2756 1031 2811 dee
1048 2758 1141 2821 sorum

65 2837 121 2874 com
139 2841 172 2878 ac
195 2826 305 2878 debilem
323 2829 482 2892 praeturam
500 2841 577 2877 utam
628 2824 784 2876 Romanum.

63 2889 185 2949 suturam
227 2896 333 2946 consule
362 2893 476 2955 Maleum
517 2909 577 2944 eum
662 2896 685 2946 6.
694 2893 904 2946 cenatumzdher
912 2893 961 2946 den
971 2891 1078 2946 Verlaul
1085 2894 1140 2947 der·

60 2973 144 3022 porro
156 2979 258 3015 aramma
276 2979 404 3015 concensu
419 2963 515 3029 pepuli
526 2961 577 3014 llo-
626 2961 715 3014 selben
734 2961 860 3014 beriehtet
877 2961 1033 3015 ausluhrlich
1047 2962 1097 3016 Cic.
1113 2963 1139 3014 lu

64 3032 136 3080 moue·
153 3033 286 3084 consulem
304 3032 367 3094 fieri
382 3031 497 3082 uidebat.
626 3027 678 3082 Cat.
698 3033 722 3095 3,
740 3032 815 3084 4-6.

94 3100 170 3162 perd.
188 3101 380 3167 reipublicae:
399 3115 431 3151 zu
450 3101 474 3164 6,
493 3102 516 3153 7.
660 3096 704 3153 tt.
731 3102 754 3150 1.
777 3100 845 3164 quid
870 3103 919 3151 aut
942 3115 995 3164 qua
1022 3102 1083 3152 etc:
1105 3125 1139 3146 η

98 3165 120 3216 3.
134 3169 222 3233 igitur
234 3173 298 3223 etc:
315 3168 368 3234 rgl.
382 3167 433 3219 Cic.
445 3167 471 3218 in
484 3167 538 3220 Cat.
551 3170 575 3234 3,
627 3167 694 3232 quid
710 3166 807 3218 concili
824 3172 873 3219 aut
890 3183 942 3234 qua
960 3168 991 3218 de
1013 3183 1094 3220 cauea
1111 3169 1141 3220 id

65 3229 79 3278 3
96 3246 120 3283 u.
139 3239 155 3301 ς
174 3239 216 3290 21,
626 3236 768 3285 habuisset.
986 3245 989 3250 '

97 3299 268 3370 Caeparium:
295 3304 347 3358 Cic.
373 3304 400 3356 in
424 3302 478 3355 Cat.
502 3305 526 3368 3,
551 3305 575 3369 6,
660 3303 714 3366 fide
726 3304 852 3370 publicu:
870 3307 945 3355 noter
957 3302 1014 3356 dem
1027 3302 1138 3356 Schutze

66 3366 96 3417 14
107 3370 137 3420 ia
151 3373 187 3426 M.
202 3373 369 3440 Caeparium,
387 3374 432 3423 cui
448 3371 486 3423 ad
501 3370 575 3422 eolli-
626 3370 672 3423 des
693 3386 745 3423 von
764 3371 850 3423 Staats
872 3385 964 3438 wegen
987 3372 1137 3438 gegebeneu

64 3435 184 3492 eundae
203 3446 326 3507 puatcree
348 3440 475 3506 Apuliam
497 3442 576 3490 attri-
625 3438 742 3491 Wortes:
765 3439 821 3491 hier
838 3439 863 3491 in
887 3438 983 3492 betretl
996 3440 1041 3492 der
1059 3439 1139 3493 Strat-

64 3499 152 3557 dutam
179 3526 234 3560 area
260 3514 319 3561 erat
343 3509 500 3560 indicatum.
542 3507 575 3560 Er
625 3505 756 3573 losigheit.
779 3506 1138 3561 SolchenSchutnzusicheru

64 3580 115 3646 vsar
131 3588 178 3628 aus
197 3576 242 3628 der
259 3577 328 3629 alten
341 3575 573 3641 summanum,
626 3575 703 3628 heilst
724 3575 771 3639 fid.
785 3575 862 3643 publ.
880 3576 946 3628 dare
962 3580 1004 3642 48,
1022 3579 1052 3638 l:
1078 3576 1140 3629 oder

64 3633 102 3688 dre
126 3643 183 3698 eine
206 3645 262 3696 Zeit
288 3645 349 3710 lang
373 3645 438 3696 nach
460 3645 504 3696 der
528 3642 573 3695 ltr-
623 3646 795 3711 interponere
819 3644 872 3712 lug.
901 3646 947 3708 32,
973 3648 994 3696 l.
1014 3649 1043 3704 ὃς
1071 3643 1138 3698 doch

62 3703 176 3782 'cherung
198 3712 276 3765 durch
299 3712 340 3764 die
357 3710 469 3765 Volslser
485 3713 574 3764 Anxur
624 3710 682 3764 dari
699 3727 757 3764 man
775 3710 862 3765 weder
879 3711 934 3764 hier
950 3713 1017 3766 noch
1030 3712 1084 3781 lug.
1096 3717 1137 3776 35,

63 3767 134 3848 breis,
152 3783 239 3849 spater
255 3779 308 3832 und
326 3780 393 3833 noch
407 3781 473 3845 jetzt
484 3779 575 3833 l'erra-
625 3784 639 3833 'l
659 3781 701 3833 eiu
720 3781 822 3834 solches
839 3779 916 3835 Verh.
935 3782 1090 3849 supplieren.

65 3851 126 3895 ⁰¹⁰³·
659 3853 751 3901 omniu
768 3853 829 3902 etc:
847 3865 902 3902 was
921 3865 949 3901 er
966 3853 1047 3916 segle,
1065 3846 1136 3900 siche

96 3913 119 3962 4.
130 3929 206 3982 cogn.
218 3917 332 3968 indicto:
342 3939 376 3960 =
384 3918 431 3967 ulu'
440 3918 573 3970 iudicium
623 3919 665 3982 ts,
684 3921 708 3971 4.

64 3971 190 4036 lactum
208 4001 262 4037 eree
281 3987 415 4050 cognouit.
659 3986 771 4051 legatos:
790 3982 1045 4049 Sth‘elttsaccusatir
1064 3999 1095 4035 zu
1107 3986 1137 4034 iu
