2776 4574
364 251 405 304 ult
424 251 505 305 conl.
525 249 627 304 ceula
662 251 689 304 C.
707 253 749 305 47.
766 254 808 306 48.
1082 247 1122 308 65

138 425 209 488 Post
224 443 290 487 eum
306 425 382 488 diem
398 425 517 504 quidam
531 423 565 484 L.
581 423 761 503 Tarquinius
775 423 811 484 ad
832 432 967 489 senatum
981 423 1124 487 adductus
1145 433 1159 484 t

57 517 125 585 erat,
142 529 230 590 quem
245 511 279 572 ad
296 510 448 572 Catilinam
464 509 702 590 proticiscentem
716 528 753 570 ex
766 509 1048 572 itinereretractum
1062 511 1122 571 aie-

56 596 134 657 bant.
171 595 212 671 Is,
235 615 303 658 cum
318 615 350 658 se
364 596 476 656 diceret
490 594 688 656 indicaturum
711 594 747 655 de
770 594 991 670 coniuratione,
1013 595 1037 656 si
1052 596 1124 658 fides
1144 606 1160 655 t

55 681 170 760 publica
184 682 249 742 data
270 689 363 755 esset,
386 681 482 742 iussus
497 698 514 740 a
528 679 650 742 consule
665 698 739 760 quae
755 679 846 740 sciret
863 679 994 754 edicere,
1020 680 1123 742 eadem

56 768 115 827 lere
137 785 212 845 quae
227 766 397 827 Volturcius
411 766 447 826 de
467 765 576 846 paratis
597 765 742 827 incendiis
764 765 800 825 de
821 765 909 826 caede
923 764 1073 826 bonorum
1088 766 1124 826 de

55 851 158 912 itinere
173 852 303 913 hostium
318 859 453 913 senatum
468 852 569 927 docet3
584 859 736 931 praeterea
751 869 782 912 se
798 849 918 912 missum
931 850 996 912 all.
1009 850 1123 925 Crasso,

56 936 105 1014 qui
121 936 261 998 Catilinae
277 937 443 1012 nuntiaret,
465 955 503 996 ne
521 955 588 996 eum
604 935 748 998 Lentulus
763 943 792 996 et
807 935 952 1016 Cethegus
967 935 1074 1015 aliique
1089 954 1126 996 ex

55 1021 260 1082 coniuratione
270 1020 447 1101 deprehensi
458 1029 615 1096 terrerent,
627 1039 723 1100 eoque
735 1020 827 1100 magis
838 1028 1011 1100 properaret
1022 1021 1057 1082 ad
1072 1038 1124 1083 ur·

55 1105 122 1166 hem
138 1105 286 1182 accedere,
303 1125 362 1186 quo
378 1115 408 1167 et
423 1115 589 1168 ceterorum
604 1106 719 1168 animos
734 1107 869 1167 reficeret
880 1115 909 1167 et
923 1105 964 1166 illi
978 1105 1092 1168 facilius
1107 1124 1123 1166 e
1151 1133 1152 1136 ¹

54 1191 187 1270 periculo
211 1192 405 1272 eriperentur.
443 1191 500 1253 Sed
524 1191 575 1253 uhi
596 1191 776 1270 Tarquinius
796 1190 932 1252 Crassum
955 1191 1126 1266 nominavit,
1148 1199 1162 1248 5

55 1276 205 1338 hominem
220 1276 349 1338 nobilem
364 1277 510 1339 maxumis
524 1276 630 1338 divitiis
645 1294 758 1338 summa
773 1277 920 1356 potentia,
938 1275 986 1338 alii
1001 1293 1063 1337 rem
1078 1275 1125 1338 in-

55 1361 224 1422 credibilem
239 1363 304 1436 rati,
319 1362 528 1446 parsquetsi
543 1379 648 1444 uerum
657 1361 882 1435 existumabunt,
897 1370 996 1424 umen
1010 1362 1081 1441 quia
1093 1361 1124 1424 iu

55 1446 103 1506 tali
118 1455 178 1508 tem
202 1467 252 1508 ore
267 1459 295 1508 ta
319 1456 348 1508 ta
369 1447 411 1508 vis
432 1439 561 1537 lmmiuis
582 1447 674 1527 magis
689 1447 836 1512 „leniunda
851 1465 940 1525 quam
954 1447 1125 1526 exagitanda

54 1526 448 1612 videtiampleniqnelira
424 1527 433 1535 “
448 1551 553 1607 asora
562 1532 992 1611 „nnetmnnnnaeonom
1007 1531 1148 1596 condas.

55 1625 133 1676 mant
146 1617 277 1678 indicem
292 1617 397 1678 falsum
414 1636 493 1692 esse,
516 1616 613 1696 deque
634 1636 668 1678 ea
689 1635 721 1677 re
742 1616 894 1694 postulant
914 1617 957 1677 uti
971 1618 1126 1677 reseratur.

54 1701 153 1782 ltaque
179 1702 353 1763 consulente
369 1702 512 1762 Cicerone
527 1703 668 1780 frequens
684 1709 803 1762 senatus
818 1700 966 1761 decernit:
985 1700 1129 1780 Tarquini
1149 1711 1165 1760 6

54 1786 194 1848 indicium
210 1787 314 1848 falsum
330 1787 438 1861 videri,
461 1804 589 1865 eumque
610 1787 640 1847 in
661 1784 787 1848 vinculis
802 1785 1006 1859 retinendum,
1030 1803 1127 1865 neque

55 1873 179 1952 amplius
194 1880 370 1951 potestatem
385 1871 567 1946 faciundam,
591 1871 648 1932 nisi
669 1871 704 1933 de
720 1890 755 1932 eo
771 1869 932 1946 indicaret,
955 1869 1039 1931 cuius
1054 1888 1127 1931 con-

55 1956 117 2018 silio
131 1966 247 2018 tantam
261 1976 324 2019 rem
345 1964 421 2018 esset
437 1957 586 2018 mentitus.
623 1955 717 2018 Erant
738 1974 773 2017 eo
795 1964 929 2034 tempore
953 1954 1002 2036 qni
1018 1955 1128 2016 existu-
1150 1966 1165 2015 τ

55 2052 168 2104 marent
190 2041 332 2103 indicium
355 2041 426 2103 illud
447 2042 510 2102 aP.
526 2042 672 2103 Autronio
694 2041 909 2112 machinatum,
933 2059 991 2119 quo
1014 2039 1128 2102 facilius

57 2224 113 2278 Tac
137 2227 204 2281 Ann.
222 2231 246 2294 t,
265 2230 297 2281 30
321 2227 473 2294 dandosque
495 2229 566 2278 oitne
618 2227 729 2280 ebnonta'
745 2225 797 2292 vgl.
815 2241 848 2278 zu
866 2227 906 2289 26,
925 2228 940 2277 'l
963 2225 1005 2277 bei
1024 2227 1129 2290 grotta.

56 2309 117 2345 emes
139 2295 173 2360 (d.
192 2295 208 2347 i.
233 2295 335 2348 dundee
357 2312 400 2346 res
423 2296 460 2348 ad
482 2297 569 2348 eitam
649 2293 799 2356 referatur:
833 2293 943 2346 ndmlich
969 2311 986 2344 a
1014 2295 1129 2345 concute.

55 2363 428 2428 ennnnmdnmneoeeeariae),
447 2365 492 2416 oui
509 2367 567 2414 otta
618 2361 689 2414 Olme
721 2362 878 2428 vorgiuffl'ge
903 2363 1000 2414 relatio
1031 2360 1128 2414 konnte

57 2431 258 2483 concederetur:
281 2432 334 2498 vgl.
356 2447 388 2484 zu
405 2431 457 2498 lug.
483 2434 523 2494 et,
542 2435 566 2485 3.
617 2431 674 2482 eine
698 2430 832 2484 fonnliclrc
848 2429 978 2496 Beratung
998 2428 1067 2482 nicht
1085 2444 1129 2496 ge-

56 2497 567 2564 Ebensosichliclristenltnznnelrmen,
617 2497 738 2553 schehen.
767 2496 816 2550 ller
827 2496 924 2549 Kousul
944 2503 1001 2563 trug
1019 2496 1067 2550 den
1081 2497 1130 2550 Ge-

56 2566 211 2618 namentlich
235 2581 287 2618 von
310 2566 354 2618 der
371 2565 510 2634 llleiduug;
535 2583 566 2619 eu
618 2564 743 2631 genstand
761 2581 808 2617 ror
829 2565 880 2618 und
903 2565 999 2616 schlols
1021 2566 1067 2619 mit
1085 2565 1130 2618 der

55 2632 107 2700 lug.
125 2638 167 2698 75,
188 2638 209 2686 1.
618 2633 698 2699 Frage
716 2634 749 2684 de
765 2649 796 2684 ea
813 2649 844 2682 re
860 2633 927 2698 quid
948 2633 1010 2696 fieri
1022 2634 1131 2700 placet?

89 2705 181 2752 ment:
211 2699 256 2752 der
279 2699 356 2752 lndio.
379 2701 443 2753 nach
470 2704 568 2768 quippe
620 2703 709 2764 (50,3).
727 2699 1129 2765 llamltbegannerdenzweiten

56 2773 104 2833 qne·
120 2769 156 2820 ist
173 2769 215 2821 bei
228 2767 291 2821 Sall.
308 2768 485 2836 regelrnnlsig;
503 2784 526 2821 z.
537 2767 567 2822 B.
619 2767 675 2821 'l'eil
694 2768 739 2820 der
755 2766 951 2833 Verlrandlung,
969 2767 1015 2820 das
1033 2783 1131 2834 rogare

55 2837 106 2904 lug.
128 2839 151 2902 T,
171 2840 200 2899 6;
218 2839 260 2902 20,
279 2839 302 2889 6.
618 2839 764 2887 sententies
781 2834 842 2888 oder
854 2834 990 2887 consulere
1001 2841 1131 2888 senatum.

89 2908 112 2961 3.
132 2911 197 2971 port
219 2921 280 2956 enm
302 2905 569 2971 diem=peetridie
654 2907 678 2957 6.
695 2904 794 2956 videri:
819 2903 874 2956 dies
892 2903 963 2970 giem
982 2904 1008 2955 in
1027 2903 1132 2956 Senote-

90 2977 115 3024 t.
133 2977 194 3039 qut:
213 2973 259 3026 aul
267 2990 296 3024 ee
313 2989 345 3025 zu
358 2973 497 3026 beziehen:
514 2973 567 3040 vgl.
618 2973 785 3026 beschlussen
798 2971 847 3026 den
859 2971 966 3024 Worten
984 2972 1068 3024 niclrts
1079 2971 1131 3023 Un-

58 3040 72 3102 §
92 3045 103 3093 1
119 3041 211 3108 plebes
222 3078 228 3093 .
240 3080 248 3094 .
258 3079 264 3094 .
275 3057 352 3108 qnae.
619 3041 738 3105 sicheres,
755 3055 830 3093 weun
843 3040 926 3107 gleiclr
940 3040 984 3093 der
995 3039 1131 3094 Ausdruclr

91 3113 114 3161 5.
132 3126 225 3162 vernon
243 3113 333 3162 neiat:
353 3110 404 3176 egl.
425 3112 465 3176 l'l,
483 3113 506 3162 t.
618 3109 796 3177 ursprtlngliclr
814 3124 860 3162 aus
872 3108 1014 3161 Ruclreielrt
1031 3109 1077 3161 aul
1089 3107 1131 3160 die

91 3181 166 3230 tenta
179 3181 220 3229 oie
231 3180 360 3230 neminie:
372 3177 424 3244 vgl.
438 3181 462 3242 8,
475 3181 490 3231 3
502 3181 569 3229 aeri·
619 3176 974 3244 menechlichel'n'rgliclrlreit
984 3177 1130 3243 eingeluhrt

56 3248 162 3310 pteron
173 3249 402 3312 magnaingene'a.
431 3246 460 3298 ln
476 3246 568 3301 beiden
620 3261 680 3299 war.
699 3246 750 3298 Cic.
759 3245 838 3297 Acad.
849 3245 872 3309 2,
883 3247 984 3310 47,146
993 3248 1032 3296 ite
1046 3249 1132 3297 teneri

58 3311 142 3366 llillen
166 3316 201 3366 ist
221 3315 269 3366 mit
287 3315 395 3368 Ahsicltt
412 3313 458 3366 das
475 3314 504 3367 Ei
524 3329 568 3368 en·
619 3317 718 3381 ...qni
727 3316 905 3365 testimonium
915 3313 1021 3376 diceret,
1033 3319 1065 3365 nt
1076 3331 1131 3366 ar-

58 3330 568 3450 senatusuenenhervorgehobennuidis
620 3385 748 3434 tttrari
759 3399 787 3432 ee
796 3383 897 3432 diceret
905 3384 985 3432 etiam
995 3383 1068 3448 qnod
1074 3385 1131 3448 e'pee

60 3447 152 3503 Person
167 3451 194 3502 in
212 3450 261 3502 den
273 3450 444 3518 Hintergmnd
455 3451 569 3517 gestellt.
619 3451 744 3514 oidieeet‚·
755 3466 873 3516 quaeque
885 3451 971 3501 iurata·
978 3449 1079 3502 indteee
1088 3467 1131 3502 eo·

89 3519 118 3567 in
136 3520 188 3570 tnlt
210 3523 339 3586 tempore:
363 3535 395 3571 uu
412 3519 466 3586 lug.
484 3523 526 3586 66,
543 3523 568 3572 3.
617 3521 780 3585 gneeneene,
798 3533 829 3568 en
846 3532 900 3569 non
912 3522 944 3568 ut
961 3534 1029 3569 esse
1046 3517 1130 3584 saeta,

90 3591 191 3652 magia:
211 3586 284 3650 diter,
304 3601 333 3641 so
346 3588 396 3639 wie
408 3587 470 3652 hier,
484 3588 570 3654 menig
619 3589 666 3639 red
680 3592 712 3638 aet
729 3586 843 3638 videri
855 3588 1076 3652 pronuntiarent.

59 3666 107 3704 uon
121 3657 215 3721 potine
232 3654 412 3716 verschiedne,
430 3671 456 3710 u.
475 3671 503 3709 a.
514 3656 567 3723 lug.
651 3659 820 3722 potestatem:
847 3653 959 3706 nfimlieh
981 3655 1128 3707 indicandi.

59 3721 81 3783 4,
98 3725 126 3783 4;
145 3726 186 3786 66,
205 3725 229 3777 2.
421 3792 426 3804 Ι
653 3722 1130 3804 tmneninqtnm:ehensopessiviselr

59 3791 569 3926 ..renarransaaran
619 3790 1130 3926 nrn{litteraturam

61 3925 491 3994 schlielslich,llarlehnsgeschilte.
500 3927 569 3980 Uber
618 3928 670 3980 lialr
683 3927 746 3980 llist.
759 3930 783 3994 2,
796 3929 828 3980 29
840 3927 881 3981 llr.
900 3943 959 3978 enm
976 3929 1129 3978 machinato

109 4019 199 4064 Sallust.
225 4021 247 4064 8.
263 4019 320 4061 And.
912 4014 927 4062 5
