<?xml version="1.0" encoding="UTF-8"?>
<!DOCTYPE html PUBLIC "-//W3C//DTD XHTML 1.0 Transitional//EN"
    "http://www.w3.org/TR/xhtml1/DTD/xhtml1-transitional.dtd">
<html xmlns="http://www.w3.org/1999/xhtml" xml:lang="en" lang="en">
 <head>
  <title>
</title>
<meta http-equiv="Content-Type" content="text/html;charset=utf-8" />
  <meta name='ocr-system' content='tesseract 3.04.00' />
  <meta name='ocr-capabilities' content='ocr_page ocr_carea ocr_par ocr_line ocrx_word'/>
</head>
<body>
  <div class='ocr_page' id='page_1' title='image "./deconiurationec00wirzgoog_0242.png"; bbox 0 0 2766 4568; ppageno 0'>
   <div class='ocr_carea' id='block_1_1' title="bbox 384 249 1131 311">
    <p class='ocr_par' dir='ltr' id='par_1_1' title="bbox 384 249 1131 311">
     <span class='ocr_line' id='line_1_1' title="bbox 384 249 1131 311; baseline 0.009 -7"><span class='ocrx_word' id='word_1_1' title='bbox 384 249 505 304; x_wconf 78' lang='lat' dir='ltr'><strong>ORATIO</strong></span> <span class='ocrx_word' id='word_1_2' title='bbox 523 250 557 304; x_wconf 80' lang='grc' dir='ltr'><strong>Μ,</strong></span> <span class='ocrx_word' id='word_1_3' title='bbox 575 251 685 304; x_wconf 73' lang='lat' dir='ltr'><strong>Aedui</strong></span> <span class='ocrx_word' id='word_1_4' title='bbox 702 250 812 304; x_wconf 75' lang='lat' dir='ltr'><strong>derlee</strong></span> <span class='ocrx_word' id='word_1_5' title='bbox 1072 251 1131 311; x_wconf 78' lang='lat'><strong>231</strong></span> 
     </span>
    </p>
   </div>
   <div class='ocr_carea' id='block_1_2' title="bbox 41 423 1133 590">
    <p class='ocr_par' dir='ltr' id='par_1_2' title="bbox 41 423 1133 590">
     <span class='ocr_line' id='line_1_2' title="bbox 41 423 1133 507; baseline 0.002 -21"><span class='ocrx_word' id='word_1_6' title='bbox 41 427 146 486; x_wconf 87' lang='lat' dir='ltr'><strong>blicae</strong></span> <span class='ocrx_word' id='word_1_7' title='bbox 171 433 258 503; x_wconf 83' lang='lat' dir='ltr'><strong>etque</strong></span> <span class='ocrx_word' id='word_1_8' title='bbox 280 423 368 484; x_wconf 79' lang='lat' dir='ltr'>exitia</span> <span class='ocrx_word' id='word_1_9' title='bbox 388 423 529 504; x_wconf 80' lang='lat' dir='ltr'><strong>probate,</strong></span> <span class='ocrx_word' id='word_1_10' title='bbox 556 425 676 486; x_wconf 82' lang='lat' dir='ltr'><strong>adnuite</strong></span> <span class='ocrx_word' id='word_1_11' title='bbox 696 424 811 504; x_wconf 79' lang='lat' dir='ltr'>legibus</span> <span class='ocrx_word' id='word_1_12' title='bbox 831 425 982 505; x_wconf 83' lang='lat' dir='ltr'>inpositis,</span> <span class='ocrx_word' id='word_1_13' title='bbox 1008 427 1133 507; x_wconf 84' lang='lat' dir='ltr'><strong>accipite</strong></span> 
     </span>
     <span class='ocr_line' id='line_1_3' title="bbox 42 509 1131 590; baseline 0.001 -18"><span class='ocrx_word' id='word_1_14' title='bbox 42 511 146 572; x_wconf 84' lang='lat' dir='ltr'>otium</span> <span class='ocrx_word' id='word_1_15' title='bbox 164 528 231 571; x_wconf 88' lang='lat' dir='ltr'><strong>cum</strong></span> <span class='ocrx_word' id='word_1_16' title='bbox 245 509 365 572; x_wconf 87' lang='lat' dir='ltr'>servitio</span> <span class='ocrx_word' id='word_1_17' title='bbox 387 517 417 568; x_wconf 89' lang='lat' dir='ltr'><strong>et</strong></span> <span class='ocrx_word' id='word_1_18' title='bbox 437 509 542 570; x_wconf 81' lang='lat' dir='ltr'><strong>tradite</strong></span> <span class='ocrx_word' id='word_1_19' title='bbox 563 509 731 589; x_wconf 84' lang='lat' dir='ltr'><strong>exemplum</strong></span> <span class='ocrx_word' id='word_1_20' title='bbox 751 510 878 589; x_wconf 80' lang='lat' dir='ltr'>posteris</span> <span class='ocrx_word' id='word_1_21' title='bbox 898 510 935 570; x_wconf 82' lang='lat' dir='ltr'><strong>ad</strong></span> <span class='ocrx_word' id='word_1_22' title='bbox 954 529 1017 571; x_wconf 88' lang='lat' dir='ltr'><strong>rem</strong></span> <span class='ocrx_word' id='word_1_23' title='bbox 1033 512 1131 590; x_wconf 92' lang='lat' dir='ltr'>publi·</span> 
     </span>
    </p>
   </div>
   <div class='ocr_carea' id='block_1_3' title="bbox 43 593 1187 1184">
    <p class='ocr_par' dir='ltr' id='par_1_3' title="bbox 43 593 1187 1099">
     <span class='ocr_line' id='line_1_4' title="bbox 44 593 1186 674; baseline -0.001 -17"><span class='ocrx_word' id='word_1_24' title='bbox 44 615 111 657; x_wconf 82' lang='lat' dir='ltr'><strong>cam</strong></span> <span class='ocrx_word' id='word_1_25' title='bbox 137 595 248 658; x_wconf 81' lang='lat' dir='ltr'>suimet</span> <span class='ocrx_word' id='word_1_26' title='bbox 268 593 422 674; x_wconf 79' lang='lat' dir='ltr'>sauguinis</span> <span class='ocrx_word' id='word_1_27' title='bbox 442 593 579 655; x_wconf 81' lang='lat' dir='ltr'><strong>mercede</strong></span> <span class='ocrx_word' id='word_1_28' title='bbox 602 594 903 656; x_wconf 81' lang='lat' dir='ltr'><strong>circumveniundam.</strong></span> <span class='ocrx_word' id='word_1_29' title='bbox 933 596 1003 656; x_wconf 85' lang='lat' dir='ltr'>Mihi</span> <span class='ocrx_word' id='word_1_30' title='bbox 1025 614 1129 674; x_wconf 83' lang='lat' dir='ltr'>quam·</span> <span class='ocrx_word' id='word_1_31' title='bbox 1156 605 1186 656; x_wconf 78' lang='lat' dir='ltr'><strong>tc</strong></span> 
     </span>
     <span class='ocr_line' id='line_1_5' title="bbox 43 679 1129 760; baseline 0.001 -19"><span class='ocrx_word' id='word_1_32' title='bbox 43 700 142 760; x_wconf 84' lang='lat' dir='ltr'><strong>quam</strong></span> <span class='ocrx_word' id='word_1_33' title='bbox 160 683 216 760; x_wconf 82' lang='lat' dir='ltr'><strong>pei</strong></span> <span class='ocrx_word' id='word_1_34' title='bbox 236 680 293 740; x_wconf 90' lang='lat' dir='ltr'><strong>hcc</strong></span> <span class='ocrx_word' id='word_1_35' title='bbox 313 697 464 740; x_wconf 88' lang='lat' dir='ltr'>summum</span> <span class='ocrx_word' id='word_1_36' title='bbox 485 679 644 758; x_wconf 88' lang='lat' dir='ltr'>imperium</span> <span class='ocrx_word' id='word_1_37' title='bbox 664 680 734 740; x_wconf 84' lang='lat' dir='ltr'>satis</span> <span class='ocrx_word' id='word_1_38' title='bbox 754 680 921 758; x_wconf 82' lang='lat' dir='ltr'>quaesitum</span> <span class='ocrx_word' id='word_1_39' title='bbox 937 690 1000 741; x_wconf 82' lang='lat' dir='ltr'><strong>erat</strong></span> <span class='ocrx_word' id='word_1_40' title='bbox 1015 682 1129 744; x_wconf 90' lang='lat' dir='ltr'>nomini</span> 
     </span>
     <span class='ocr_line' id='line_1_6' title="bbox 43 763 1133 843; baseline 0 -17"><span class='ocrx_word' id='word_1_41' title='bbox 43 767 200 827; x_wconf 83' lang='lat' dir='ltr'>maiorum</span> <span class='ocrx_word' id='word_1_42' title='bbox 216 764 366 842; x_wconf 81' lang='lat' dir='ltr'>diguitatis</span> <span class='ocrx_word' id='word_1_43' title='bbox 380 773 469 842; x_wconf 82' lang='lat' dir='ltr'><strong>etque</strong></span> <span class='ocrx_word' id='word_1_44' title='bbox 485 763 571 825; x_wconf 86' lang='lat' dir='ltr'><strong>etiem</strong></span> <span class='ocrx_word' id='word_1_45' title='bbox 593 764 735 843; x_wconf 79' lang='lat' dir='ltr'>praesidi,</span> <span class='ocrx_word' id='word_1_46' title='bbox 757 774 856 827; x_wconf 82' lang='lat' dir='ltr'><strong>tamen</strong></span> <span class='ocrx_word' id='word_1_47' title='bbox 881 784 942 826; x_wconf 90' lang='lat' dir='ltr'><strong>ncn</strong></span> <span class='ocrx_word' id='word_1_48' title='bbox 963 766 1019 826; x_wconf 81' lang='lat' dir='ltr'><strong>tuit</strong></span> <span class='ocrx_word' id='word_1_49' title='bbox 1033 766 1133 827; x_wconf 90' lang='lat' dir='ltr'>consi·</span> 
     </span>
     <span class='ocr_line' id='line_1_7' title="bbox 43 849 1133 930; baseline 0.002 -20"><span class='ocrx_word' id='word_1_50' title='bbox 43 851 121 911; x_wconf 90' lang='lat' dir='ltr'>lium</span> <span class='ocrx_word' id='word_1_51' title='bbox 138 851 269 930; x_wconf 80' lang='lat' dir='ltr'>privatas</span> <span class='ocrx_word' id='word_1_52' title='bbox 284 868 356 929; x_wconf 90' lang='lat' dir='ltr'>opes</span> <span class='ocrx_word' id='word_1_53' title='bbox 371 849 484 924; x_wconf 79' lang='lat' dir='ltr'><strong>iacere,</strong></span> <span class='ocrx_word' id='word_1_54' title='bbox 506 849 664 929; x_wconf 84' lang='lat' dir='ltr'><strong>potiorque</strong></span> <span class='ocrx_word' id='word_1_55' title='bbox 679 849 739 910; x_wconf 80' lang='lat' dir='ltr'>visa</span> <span class='ocrx_word' id='word_1_56' title='bbox 760 859 805 914; x_wconf 83' lang='lat' dir='ltr'><strong>est</strong></span> <span class='ocrx_word' id='word_1_57' title='bbox 825 849 990 930; x_wconf 81' lang='lat' dir='ltr'>periculosa</span> <span class='ocrx_word' id='word_1_58' title='bbox 1012 849 1133 912; x_wconf 77' lang='lat' dir='ltr'><strong>libertas</strong></span> 
     </span>
     <span class='ocr_line' id='line_1_8' title="bbox 46 933 1187 1014; baseline -0.003 -17"><span class='ocrx_word' id='word_1_59' title='bbox 46 937 156 1014; x_wconf 76' lang='lat' dir='ltr'><strong>quieto</strong></span> <span class='ocrx_word' id='word_1_60' title='bbox 171 934 298 998; x_wconf 87' lang='lat' dir='ltr'>servitio.</span> <span class='ocrx_word' id='word_1_61' title='bbox 329 934 412 1005; x_wconf 85' lang='lat' dir='ltr'><strong>Quae</strong></span> <span class='ocrx_word' id='word_1_62' title='bbox 427 934 451 996; x_wconf 89' lang='lat' dir='ltr'><strong>si</strong></span> <span class='ocrx_word' id='word_1_63' title='bbox 467 933 608 1014; x_wconf 83' lang='lat' dir='ltr'>probatis,</span> <span class='ocrx_word' id='word_1_64' title='bbox 624 935 732 1008; x_wconf 78' lang='lat' dir='ltr'><strong>adeste,</strong></span> <span class='ocrx_word' id='word_1_65' title='bbox 745 934 884 1008; x_wconf 69' lang='lat' dir='ltr'><strong>Quirites</strong></span> <span class='ocrx_word' id='word_1_66' title='bbox 900 944 930 996; x_wconf 88' lang='lat' dir='ltr'><strong>et</strong></span> <span class='ocrx_word' id='word_1_67' title='bbox 940 934 1017 996; x_wconf 88' lang='lat' dir='ltr'><strong>bene</strong></span> <span class='ocrx_word' id='word_1_68' title='bbox 1028 936 1132 997; x_wconf 84' lang='lat' dir='ltr'>iuvan-</span> <span class='ocrx_word' id='word_1_69' title='bbox 1158 941 1187 994; x_wconf 76' lang='lat' dir='ltr'><strong>ir</strong></span> 
     </span>
     <span class='ocr_line' id='line_1_9' title="bbox 45 1017 1132 1099; baseline 0 -19"><span class='ocrx_word' id='word_1_70' title='bbox 45 1021 130 1082; x_wconf 88' lang='lat' dir='ltr'>tibus</span> <span class='ocrx_word' id='word_1_71' title='bbox 148 1020 222 1082; x_wconf 83' lang='lat' dir='ltr'>divis</span> <span class='ocrx_word' id='word_1_72' title='bbox 236 1020 274 1080; x_wconf 85' lang='grc' dir='ltr'><strong>Μ.</strong></span> <span class='ocrx_word' id='word_1_73' title='bbox 290 1017 447 1080; x_wconf 81' lang='lat' dir='ltr'>Aemilium</span> <span class='ocrx_word' id='word_1_74' title='bbox 462 1017 615 1080; x_wconf 86' lang='lat' dir='ltr'><strong>consulem</strong></span> <span class='ocrx_word' id='word_1_75' title='bbox 631 1018 736 1080; x_wconf 89' lang='lat' dir='ltr'><strong>ducem</strong></span> <span class='ocrx_word' id='word_1_76' title='bbox 753 1028 782 1080; x_wconf 90' lang='lat' dir='ltr'><strong>et</strong></span> <span class='ocrx_word' id='word_1_77' title='bbox 803 1029 955 1082; x_wconf 77' lang='lat' dir='ltr'><strong>auctorem</strong></span> <span class='ocrx_word' id='word_1_78' title='bbox 974 1020 1132 1099; x_wconf 87' lang='lat' dir='ltr'>sequimini</span> 
     </span>
    </p>

    <p class='ocr_par' dir='ltr' id='par_1_4' title="bbox 48 1103 502 1184">
     <span class='ocr_line' id='line_1_10' title="bbox 48 1103 502 1184; baseline -0.002 -19"><span class='ocrx_word' id='word_1_79' title='bbox 48 1107 84 1166; x_wconf 83' lang='lat' dir='ltr'><strong>ad</strong></span> <span class='ocrx_word' id='word_1_80' title='bbox 101 1104 313 1184; x_wconf 81' lang='lat' dir='ltr'><strong>recipiundam</strong></span> <span class='ocrx_word' id='word_1_81' title='bbox 327 1103 502 1166; x_wconf 74' lang='lat' dir='ltr'><strong>libertatem.</strong></span> 
     </span>
    </p>
   </div>
   <div class='ocr_carea' id='block_1_4' title="bbox 45 1252 1136 2475">
    <p class='ocr_par' dir='ltr' id='par_1_5' title="bbox 45 1252 1136 2475">
     <span class='ocr_line' id='line_1_11' title="bbox 46 1252 1136 1320; baseline 0.001 -17"><span class='ocrx_word' id='word_1_82' title='bbox 46 1253 148 1306; x_wconf 85' lang='lat' dir='ltr'>hiindel</span> <span class='ocrx_word' id='word_1_83' title='bbox 161 1253 510 1320; x_wconf 79' lang='lat' dir='ltr'><strong>herbeigeirihrtenZustend</strong></span> <span class='ocrx_word' id='word_1_84' title='bbox 526 1252 571 1306; x_wconf 84' lang='lat' dir='ltr'><strong>der</strong></span> <span class='ocrx_word' id='word_1_85' title='bbox 621 1254 679 1306; x_wconf 78' lang='lat' dir='ltr'><strong>dem</strong></span> <span class='ocrx_word' id='word_1_86' title='bbox 701 1255 743 1303; x_wconf 80' lang='lat' dir='ltr'><strong>rei</strong></span> <span class='ocrx_word' id='word_1_87' title='bbox 784 1255 889 1304; x_wconf 75' lang='lat' dir='ltr'>cilicas</span> <span class='ocrx_word' id='word_1_88' title='bbox 910 1257 1042 1320; x_wconf 80' lang='lat' dir='ltr'>sanguine</span> <span class='ocrx_word' id='word_1_89' title='bbox 1063 1257 1136 1319; x_wconf 72' lang='lat' dir='ltr'>sagi·</span> 
     </span>
     <span class='ocr_line' id='line_1_12' title="bbox 47 1269 1135 1388; baseline 0.001 -17"><span class='ocrx_word' id='word_1_90' title='bbox 47 1321 140 1385; x_wconf 85' lang='lat' dir='ltr'><strong>Ruhe‚</strong></span> <span class='ocrx_word' id='word_1_91' title='bbox 163 1321 217 1386; x_wconf 75' lang='lat' dir='ltr'><strong>vgl.</strong></span> <span class='ocrx_word' id='word_1_92' title='bbox 241 1322 291 1373; x_wconf 84' lang='lat' dir='ltr'>Cic.</span> <span class='ocrx_word' id='word_1_93' title='bbox 314 1321 380 1374; x_wconf 90' lang='lat' dir='ltr'>Phil.</span> <span class='ocrx_word' id='word_1_94' title='bbox 398 1325 422 1386; x_wconf 80' lang='lat'><strong>2,</strong></span> <span class='ocrx_word' id='word_1_95' title='bbox 441 1325 474 1375; x_wconf 80' lang='lat'><strong>24</strong></span> <span class='ocrx_word' id='word_1_96' title='bbox 495 1323 571 1388; x_wconf 83' lang='lat' dir='ltr'>pacis</span> <span class='ocrx_word' id='word_1_97' title='bbox 620 1325 730 1372; x_wconf 79' lang='lat' dir='ltr'><strong>nentur.</strong></span> <span class='ocrx_word' id='word_1_98' title='bbox 762 1269 811 1373; x_wconf 59' lang='lat' dir='ltr'><strong>fier</strong></span> <span class='ocrx_word' id='word_1_99' title='bbox 829 1321 938 1374; x_wconf 85' lang='lat' dir='ltr'><strong>Genetiv</strong></span> <span class='ocrx_word' id='word_1_100' title='bbox 956 1321 1025 1373; x_wconf 91' lang='lat' dir='ltr'><strong>steht</strong></span> <span class='ocrx_word' id='word_1_101' title='bbox 1043 1336 1135 1388; x_wconf 84' lang='lat' dir='ltr'><strong>epexe-</strong></span> 
     </span>
     <span class='ocr_line' id='line_1_13' title="bbox 47 1389 1134 1456; baseline 0.002 -17"><span class='ocrx_word' id='word_1_102' title='bbox 47 1390 217 1442; x_wconf 81' lang='lat' dir='ltr'><strong>conecrdias</strong></span> <span class='ocrx_word' id='word_1_103' title='bbox 243 1393 446 1456; x_wconf 73' lang='lat' dir='ltr'><strong>compositionis</strong></span> <span class='ocrx_word' id='word_1_104' title='bbox 474 1394 571 1442; x_wconf 84' lang='lat' dir='ltr'><strong>auctos·</strong></span> <span class='ocrx_word' id='word_1_105' title='bbox 621 1389 971 1456; x_wconf 51' lang='lat' dir='ltr'><strong>pientissimis-cedendi</strong></span> <span class='ocrx_word' id='word_1_106' title='bbox 984 1389 1025 1442; x_wconf 91' lang='lat' dir='ltr'><strong>bei</strong></span> <span class='ocrx_word' id='word_1_107' title='bbox 1038 1389 1134 1442; x_wconf 88' lang='lat' dir='ltr'><strong>diesem</strong></span> 
     </span>
     <span class='ocr_line' id='line_1_14' title="bbox 47 1455 1135 1523; baseline 0.002 -16"><span class='ocrx_word' id='word_1_108' title='bbox 47 1473 183 1509; x_wconf 80' lang='lat' dir='ltr'><strong>essenon</strong></span> <span class='ocrx_word' id='word_1_109' title='bbox 200 1457 298 1509; x_wconf 75' lang='lat' dir='ltr'><strong>destiti.</strong></span> <span class='ocrx_word' id='word_1_110' title='bbox 621 1455 695 1509; x_wconf 82' lang='lat' dir='ltr'><strong>Wort</strong></span> <span class='ocrx_word' id='word_1_111' title='bbox 718 1457 763 1508; x_wconf 83' lang='lat' dir='ltr'><strong>hat</strong></span> <span class='ocrx_word' id='word_1_112' title='bbox 787 1471 846 1509; x_wconf 76' lang='lat' dir='ltr'><strong>man</strong></span> <span class='ocrx_word' id='word_1_113' title='bbox 868 1459 932 1508; x_wconf 78' lang='lat' dir='ltr'><strong>data</strong></span> <span class='ocrx_word' id='word_1_114' title='bbox 956 1461 993 1508; x_wconf 82' lang='lat' dir='ltr'>cis</span> <span class='ocrx_word' id='word_1_115' title='bbox 1016 1460 1064 1523; x_wconf 81' lang='lat' dir='ltr'><strong>qui</strong></span> <span class='ocrx_word' id='word_1_116' title='bbox 1083 1461 1135 1509; x_wconf 84' lang='lat' dir='ltr'><strong>cir·</strong></span> 
     </span>
     <span class='ocr_line' id='line_1_15' title="bbox 84 1524 1030 1594; baseline 0 -18"><span class='ocrx_word' id='word_1_117' title='bbox 84 1525 570 1594; x_wconf 71' lang='lat' dir='ltr'><strong>etiumcumseseitic:entgegeirdem</strong></span> <span class='ocrx_word' id='word_1_118' title='bbox 622 1528 794 1576; x_wconf 76' lang='lat' dir='ltr'><strong>cumveniunt</strong></span> <span class='ocrx_word' id='word_1_119' title='bbox 811 1524 1030 1577; x_wconf 85' lang='lat' dir='ltr'><strong>hinzuzudenken.</strong></span> 
     </span>
     <span class='ocr_line' id='line_1_16' title="bbox 48 1592 1136 1660; baseline -0.003 -16"><span class='ocrx_word' id='word_1_120' title='bbox 48 1592 94 1657; x_wconf 77' lang='lat'><strong>§9</strong></span> <span class='ocrx_word' id='word_1_121' title='bbox 114 1599 243 1660; x_wconf 77' lang='lat' dir='ltr'><strong>gesegten</strong></span> <span class='ocrx_word' id='word_1_122' title='bbox 260 1595 344 1644; x_wconf 76' lang='lat' dir='ltr'>otium</span> <span class='ocrx_word' id='word_1_123' title='bbox 362 1609 421 1644; x_wconf 78' lang='lat' dir='ltr'>essm</span> <span class='ocrx_word' id='word_1_124' title='bbox 441 1594 572 1644; x_wconf 78' lang='lat' dir='ltr'><strong>libertate.</strong></span> <span class='ocrx_word' id='word_1_125' title='bbox 656 1595 696 1645; x_wconf 75' lang='lat'><strong>27.</strong></span> <span class='ocrx_word' id='word_1_126' title='bbox 715 1593 796 1643; x_wconf 82' lang='lat' dir='ltr'>divis:</span> <span class='ocrx_word' id='word_1_127' title='bbox 822 1593 873 1658; x_wconf 76' lang='lat' dir='ltr'>vgi.</span> <span class='ocrx_word' id='word_1_128' title='bbox 892 1592 944 1658; x_wconf 80' lang='lat' dir='ltr'><strong>lug.</strong></span> <span class='ocrx_word' id='word_1_129' title='bbox 963 1595 1005 1656; x_wconf 85' lang='grc'><strong>85,</strong></span> <span class='ocrx_word' id='word_1_130' title='bbox 1022 1595 1055 1657; x_wconf 73' lang='grc'><strong>48</strong></span> <span class='ocrx_word' id='word_1_131' title='bbox 1079 1593 1136 1642; x_wconf 81' lang='lat' dir='ltr'>deis</span> 
     </span>
     <span class='ocr_line' id='line_1_17' title="bbox 85 1659 1135 1725; baseline -0.002 -13"><span class='ocrx_word' id='word_1_132' title='bbox 85 1663 124 1712; x_wconf 84' lang='lat' dir='ltr'><strong>ad</strong></span> <span class='ocrx_word' id='word_1_133' title='bbox 148 1677 206 1712; x_wconf 71' lang='lat' dir='ltr'><strong>rem</strong></span> <span class='ocrx_word' id='word_1_134' title='bbox 225 1661 361 1725; x_wconf 75' lang='lat' dir='ltr'><strong>publicam</strong></span> <span class='ocrx_word' id='word_1_135' title='bbox 385 1667 447 1713; x_wconf 82' lang='lat' dir='ltr'><strong>etc:</strong></span> <span class='ocrx_word' id='word_1_136' title='bbox 476 1675 508 1712; x_wconf 85' lang='lat' dir='ltr'><strong>ru</strong></span> <span class='ocrx_word' id='word_1_137' title='bbox 531 1675 570 1712; x_wconf 87' lang='lat' dir='ltr'><strong>er-</strong></span> <span class='ocrx_word' id='word_1_138' title='bbox 620 1663 788 1716; x_wconf 75' lang='lat' dir='ltr'>iuvantibus:</span> <span class='ocrx_word' id='word_1_139' title='bbox 803 1661 879 1725; x_wconf 80' lang='lat' dir='ltr'><strong>jedes</strong></span> <span class='ocrx_word' id='word_1_140' title='bbox 891 1659 965 1711; x_wconf 86' lang='lat' dir='ltr'><strong>Wort</strong></span> <span class='ocrx_word' id='word_1_141' title='bbox 983 1659 1074 1724; x_wconf 73' lang='lat' dir='ltr'><strong>gehdrt</strong></span> <span class='ocrx_word' id='word_1_142' title='bbox 1090 1660 1135 1710; x_wconf 84' lang='lat' dir='ltr'><strong>der</strong></span> 
     </span>
     <span class='ocr_line' id='line_1_18' title="bbox 49 1727 1134 1796; baseline 0.002 -18"><span class='ocrx_word' id='word_1_143' title='bbox 49 1727 143 1782; x_wconf 74' lang='lat' dir='ltr'><strong>kliren</strong></span> <span class='ocrx_word' id='word_1_144' title='bbox 162 1729 242 1782; x_wconf 82' lang='lat' dir='ltr'><strong>durch</strong></span> <span class='ocrx_word' id='word_1_145' title='bbox 260 1745 313 1796; x_wconf 71' lang='lat' dir='ltr'><strong>quo</strong></span> <span class='ocrx_word' id='word_1_146' title='bbox 331 1730 572 1796; x_wconf 61' lang='lat' dir='ltr'><strong>«complodamus</strong></span> <span class='ocrx_word' id='word_1_147' title='bbox 620 1728 826 1782; x_wconf 78' lang='lat' dir='ltr'><strong>aitertirmiichen</strong></span> <span class='ocrx_word' id='word_1_148' title='bbox 859 1727 1067 1794; x_wconf 82' lang='lat' dir='ltr'><strong>Fcrmelsprsche</strong></span> <span class='ocrx_word' id='word_1_149' title='bbox 1101 1742 1134 1780; x_wconf 80' lang='lat' dir='ltr'><strong>en</strong></span> 
     </span>
     <span class='ocr_line' id='line_1_19' title="bbox 45 1793 1133 1864; baseline 0.001 -18"><span class='ocrx_word' id='word_1_150' title='bbox 45 1800 169 1862; x_wconf 75' lang='lat' dir='ltr'><strong>posteri,</strong></span> <span class='ocrx_word' id='word_1_151' title='bbox 198 1798 264 1864; x_wconf 79' lang='lat' dir='ltr'><strong>quid</strong></span> <span class='ocrx_word' id='word_1_152' title='bbox 285 1801 322 1848; x_wconf 84' lang='lat' dir='ltr'>sit</span> <span class='ocrx_word' id='word_1_153' title='bbox 345 1795 516 1860; x_wconf 63' lang='lat' dir='ltr'><strong>sedendum,</strong></span> <span class='ocrx_word' id='word_1_154' title='bbox 539 1801 572 1848; x_wconf 79' lang='lat' dir='ltr'><strong>ut</strong></span> <span class='ocrx_word' id='word_1_155' title='bbox 620 1797 672 1848; x_wconf 88' lang='lat' dir='ltr'><strong>und</strong></span> <span class='ocrx_word' id='word_1_156' title='bbox 695 1797 767 1862; x_wconf 76' lang='lat' dir='ltr'><strong>giebt</strong></span> <span class='ocrx_word' id='word_1_157' title='bbox 791 1796 848 1847; x_wconf 88' lang='lat' dir='ltr'><strong>dem</strong></span> <span class='ocrx_word' id='word_1_158' title='bbox 871 1794 972 1848; x_wconf 86' lang='lat' dir='ltr'>Schiuis</span> <span class='ocrx_word' id='word_1_159' title='bbox 996 1794 1041 1846; x_wconf 87' lang='lat' dir='ltr'><strong>der</strong></span> <span class='ocrx_word' id='word_1_160' title='bbox 1063 1793 1133 1847; x_wconf 86' lang='lat' dir='ltr'><strong>Rede</strong></span> 
     </span>
     <span class='ocr_line' id='line_1_20' title="bbox 49 1861 1132 1932; baseline 0.002 -20"><span class='ocrx_word' id='word_1_161' title='bbox 49 1880 94 1914; x_wconf 79' lang='lat' dir='ltr'><strong>roe</strong></span> <span class='ocrx_word' id='word_1_162' title='bbox 110 1866 223 1932; x_wconf 79' lang='lat' dir='ltr'><strong>publiea</strong></span> <span class='ocrx_word' id='word_1_163' title='bbox 234 1867 331 1916; x_wconf 79' lang='lat' dir='ltr'>suimet</span> <span class='ocrx_word' id='word_1_164' title='bbox 346 1867 488 1932; x_wconf 73' lang='lat' dir='ltr'><strong>sanguinis</strong></span> <span class='ocrx_word' id='word_1_165' title='bbox 502 1881 570 1915; x_wconf 79' lang='lat' dir='ltr'><strong>mer-</strong></span> <span class='ocrx_word' id='word_1_166' title='bbox 620 1863 764 1916; x_wconf 85' lang='lat' dir='ltr'><strong>ieierliches</strong></span> <span class='ocrx_word' id='word_1_167' title='bbox 782 1863 886 1915; x_wconf 82' lang='lat' dir='ltr'>Pathos.</span> <span class='ocrx_word' id='word_1_168' title='bbox 921 1861 979 1930; x_wconf 80' lang='lat' dir='ltr'>Vgi.</span> <span class='ocrx_word' id='word_1_169' title='bbox 998 1879 1020 1914; x_wconf 85' lang='lat' dir='ltr'><strong>z.</strong></span> <span class='ocrx_word' id='word_1_170' title='bbox 1033 1861 1062 1913; x_wconf 91' lang='lat' dir='ltr'><strong>B.</strong></span> <span class='ocrx_word' id='word_1_171' title='bbox 1078 1861 1132 1914; x_wconf 86' lang='lat' dir='ltr'>Liv.</span> 
     </span>
     <span class='ocr_line' id='line_1_21' title="bbox 51 1929 1134 1996; baseline 0.002 -16"><span class='ocrx_word' id='word_1_172' title='bbox 51 1933 116 1983; x_wconf 77' lang='lat' dir='ltr'><strong>cede</strong></span> <span class='ocrx_word' id='word_1_173' title='bbox 129 1937 411 1984; x_wconf 77' lang='lat' dir='ltr'><strong>circumveniatur.—</strong></span> <span class='ocrx_word' id='word_1_174' title='bbox 425 1931 570 1994; x_wconf 77' lang='lat' dir='ltr'><strong>Untermi-</strong></span> <span class='ocrx_word' id='word_1_175' title='bbox 620 1935 649 1995; x_wconf 80' lang='lat'><strong>8,</strong></span> <span class='ocrx_word' id='word_1_176' title='bbox 667 1935 732 1996; x_wconf 85' lang='grc'><strong>9,6</strong></span> <span class='ocrx_word' id='word_1_177' title='bbox 759 1947 800 1984; x_wconf 87' lang='lat' dir='ltr'><strong>wo</strong></span> <span class='ocrx_word' id='word_1_178' title='bbox 828 1930 872 1984; x_wconf 92' lang='lat' dir='ltr'><strong>der</strong></span> <span class='ocrx_word' id='word_1_179' title='bbox 900 1929 957 1982; x_wconf 88' lang='lat' dir='ltr'><strong>dem</strong></span> <span class='ocrx_word' id='word_1_180' title='bbox 980 1929 1052 1982; x_wconf 86' lang='lat' dir='ltr'><strong>Tcde</strong></span> <span class='ocrx_word' id='word_1_181' title='bbox 1078 1929 1134 1982; x_wconf 84' lang='lat' dir='ltr'>sich</span> 
     </span>
     <span class='ocr_line' id='line_1_22' title="bbox 51 1998 1132 2066; baseline 0 -17"><span class='ocrx_word' id='word_1_182' title='bbox 51 2005 107 2050; x_wconf 78' lang='lat' dir='ltr'><strong>met</strong></span> <span class='ocrx_word' id='word_1_183' title='bbox 124 2017 204 2066; x_wconf 77' lang='lat' dir='ltr'>sang.</span> <span class='ocrx_word' id='word_1_184' title='bbox 223 2002 267 2053; x_wconf 79' lang='lat' dir='ltr'><strong>hat</strong></span> <span class='ocrx_word' id='word_1_185' title='bbox 283 2015 343 2052; x_wconf 83' lang='lat' dir='ltr'><strong>men</strong></span> <span class='ocrx_word' id='word_1_186' title='bbox 361 2000 492 2053; x_wconf 75' lang='lat' dir='ltr'><strong>eetweder</strong></span> <span class='ocrx_word' id='word_1_187' title='bbox 509 2017 570 2052; x_wconf 80' lang='lat' dir='ltr'><strong>sue·</strong></span> <span class='ocrx_word' id='word_1_188' title='bbox 620 1999 755 2053; x_wconf 78' lang='lat' dir='ltr'><strong>weidende</strong></span> <span class='ocrx_word' id='word_1_189' title='bbox 766 1999 858 2052; x_wconf 80' lang='lat' dir='ltr'>liecius</span> <span class='ocrx_word' id='word_1_190' title='bbox 873 1999 916 2051; x_wconf 86' lang='lat' dir='ltr'><strong>die</strong></span> <span class='ocrx_word' id='word_1_191' title='bbox 928 1998 1018 2051; x_wconf 77' lang='lat' dir='ltr'><strong>Gdtter</strong></span> <span class='ocrx_word' id='word_1_192' title='bbox 1035 1998 1132 2050; x_wconf 68' lang='lat' dir='ltr'><strong>duruit:</strong></span> 
     </span>
     <span class='ocr_line' id='line_1_23' title="bbox 51 2068 1135 2134; baseline -0.002 -16"><span class='ocrx_word' id='word_1_193' title='bbox 51 2083 113 2118; x_wconf 76' lang='lat' dir='ltr'><strong>rum</strong></span> <span class='ocrx_word' id='word_1_194' title='bbox 142 2072 242 2122; x_wconf 76' lang='lat' dir='ltr'>civium</span> <span class='ocrx_word' id='word_1_195' title='bbox 270 2085 345 2134; x_wconf 67' lang='lat' dir='ltr'>sang.</span> <span class='ocrx_word' id='word_1_196' title='bbox 376 2085 407 2120; x_wconf 82' lang='lat' dir='ltr'><strong>zu</strong></span> <span class='ocrx_word' id='word_1_197' title='bbox 433 2069 570 2122; x_wconf 80' lang='lat' dir='ltr'><strong>versichert</strong></span> <span class='ocrx_word' id='word_1_198' title='bbox 620 2069 698 2134; x_wconf 72' lang='lat' dir='ltr'>iano,</span> <span class='ocrx_word' id='word_1_199' title='bbox 719 2069 823 2134; x_wconf 75' lang='lat' dir='ltr'><strong>Iupiter</strong></span> <span class='ocrx_word' id='word_1_200' title='bbox 840 2094 872 2106; x_wconf 85' lang='lat'>-</span> <span class='ocrx_word' id='word_1_201' title='bbox 891 2068 1078 2132; x_wconf 77' lang='lat' dir='ltr'><strong>diripuerunt</strong></span> <span class='ocrx_word' id='word_1_202' title='bbox 1095 2070 1135 2117; x_wconf 81' lang='lat' dir='ltr'><strong>cst</strong></span> 
     </span>
     <span class='ocr_line' id='line_1_24' title="bbox 54 2135 1133 2206; baseline -0.003 -20"><span class='ocrx_word' id='word_1_203' title='bbox 54 2135 116 2188; x_wconf 88' lang='lat' dir='ltr'><strong>oder</strong></span> <span class='ocrx_word' id='word_1_204' title='bbox 135 2152 165 2189; x_wconf 89' lang='lat' dir='ltr'><strong>es</strong></span> <span class='ocrx_word' id='word_1_205' title='bbox 184 2138 254 2189; x_wconf 85' lang='lat' dir='ltr'><strong>steht</strong></span> <span class='ocrx_word' id='word_1_206' title='bbox 267 2141 380 2204; x_wconf 73' lang='lat' dir='ltr'><strong>sangur&#39;s</strong></span> <span class='ocrx_word' id='word_1_207' title='bbox 397 2136 511 2206; x_wconf 86' lang='lat' dir='ltr'>tropisch</span> <span class='ocrx_word' id='word_1_208' title='bbox 529 2137 570 2190; x_wconf 85' lang='lat' dir='ltr'>iitr</span> <span class='ocrx_word' id='word_1_209' title='bbox 617 2141 735 2203; x_wconf 76' lang='lat' dir='ltr'><strong>potestas</strong></span> <span class='ocrx_word' id='word_1_210' title='bbox 745 2142 900 2188; x_wconf 79' lang='lat' dir='ltr'><strong>nostrorum</strong></span> <span class='ocrx_word' id='word_1_211' title='bbox 912 2137 1088 2202; x_wconf 75' lang='lat' dir='ltr'><strong>hostiumque,</strong></span> <span class='ocrx_word' id='word_1_212' title='bbox 1099 2161 1133 2174; x_wconf 86' lang='lat'>-</span> 
     </span>
     <span class='ocr_line' id='line_1_25' title="bbox 51 2197 1132 2272; baseline 0.003 -20"><span class='ocrx_word' id='word_1_213' title='bbox 51 2197 245 2268; x_wconf 80' lang='lat' dir='ltr'><strong>‘Lebenskrait,</strong></span> <span class='ocrx_word' id='word_1_214' title='bbox 270 2205 344 2258; x_wconf 86' lang='lat' dir='ltr'><strong>beste</strong></span> <span class='ocrx_word' id='word_1_215' title='bbox 367 2203 453 2269; x_wconf 85' lang='lat' dir='ltr'>Krait,</span> <span class='ocrx_word' id='word_1_216' title='bbox 480 2199 569 2272; x_wconf 81' lang='lat' dir='ltr'><strong>Mark’,</strong></span> <span class='ocrx_word' id='word_1_217' title='bbox 620 2221 666 2256; x_wconf 80' lang='lat' dir='ltr'><strong>cos</strong></span> <span class='ocrx_word' id='word_1_218' title='bbox 679 2220 779 2272; x_wconf 77' lang='lat' dir='ltr'><strong>precor</strong></span> <span class='ocrx_word' id='word_1_219' title='bbox 796 2207 844 2256; x_wconf 86' lang='lat' dir='ltr'><strong>etc.</strong></span> <span class='ocrx_word' id='word_1_220' title='bbox 875 2203 924 2256; x_wconf 79' lang='lat' dir='ltr'>(iic.</span> <span class='ocrx_word' id='word_1_221' title='bbox 939 2201 970 2255; x_wconf 92' lang='lat' dir='ltr'><strong>de</strong></span> <span class='ocrx_word' id='word_1_222' title='bbox 982 2202 1049 2269; x_wconf 73' lang='lat' dir='ltr'><strong>legg.</strong></span> <span class='ocrx_word' id='word_1_223' title='bbox 1063 2204 1086 2268; x_wconf 79' lang='lat'><strong>2,</strong></span> <span class='ocrx_word' id='word_1_224' title='bbox 1104 2203 1132 2256; x_wconf 80' lang='lat'><strong>19</strong></span> 
     </span>
     <span class='ocr_line' id='line_1_26' title="bbox 53 2269 1134 2340; baseline 0.001 -20"><span class='ocrx_word' id='word_1_225' title='bbox 53 2273 105 2324; x_wconf 82' lang='lat' dir='ltr'><strong>wie</strong></span> <span class='ocrx_word' id='word_1_226' title='bbox 123 2277 181 2326; x_wconf 89' lang='lat' dir='ltr'><strong>unt.</strong></span> <span class='ocrx_word' id='word_1_227' title='bbox 199 2273 257 2325; x_wconf 78' lang='lat' dir='ltr'><strong>end.</strong></span> <span class='ocrx_word' id='word_1_228' title='bbox 275 2273 317 2325; x_wconf 87' lang='lat' dir='ltr'><strong>bei</strong></span> <span class='ocrx_word' id='word_1_229' title='bbox 335 2273 385 2326; x_wconf 78' lang='lat' dir='ltr'><strong>cic.</strong></span> <span class='ocrx_word' id='word_1_230' title='bbox 404 2289 429 2340; x_wconf 89' lang='lat' dir='ltr'><strong>p.</strong></span> <span class='ocrx_word' id='word_1_231' title='bbox 443 2271 509 2325; x_wconf 85' lang='lat' dir='ltr'><strong>Sest.</strong></span> <span class='ocrx_word' id='word_1_232' title='bbox 528 2275 569 2338; x_wconf 83' lang='grc'><strong>36,</strong></span> <span class='ocrx_word' id='word_1_233' title='bbox 620 2287 666 2325; x_wconf 81' lang='lat' dir='ltr'><strong>cus</strong></span> <span class='ocrx_word' id='word_1_234' title='bbox 684 2274 754 2324; x_wconf 87' lang='lat' dir='ltr'><strong>einer</strong></span> <span class='ocrx_word' id='word_1_235' title='bbox 772 2273 816 2335; x_wconf 62' lang='lat' dir='ltr'><strong>tex</strong></span> <span class='ocrx_word' id='word_1_236' title='bbox 834 2273 866 2324; x_wconf 84' lang='lat' dir='ltr'><strong>dc</strong></span> <span class='ocrx_word' id='word_1_237' title='bbox 888 2271 1033 2338; x_wconf 55' lang='lat' dir='ltr'><strong>reiigione:</strong></span> <span class='ocrx_word' id='word_1_238' title='bbox 1057 2269 1134 2322; x_wconf 83' lang='lat' dir='ltr'>divos</span> 
     </span>
     <span class='ocr_line' id='line_1_27' title="bbox 55 2341 1135 2408; baseline -0.001 -17"><span class='ocrx_word' id='word_1_239' title='bbox 55 2341 87 2392; x_wconf 77' lang='lat'><strong>78</strong></span> <span class='ocrx_word' id='word_1_240' title='bbox 111 2357 157 2392; x_wconf 84' lang='lat' dir='ltr'>sos</span> <span class='ocrx_word' id='word_1_241' title='bbox 174 2341 372 2406; x_wconf 79' lang='lat' dir='ltr'><strong>(gladiatores),</strong></span> <span class='ocrx_word' id='word_1_242' title='bbox 398 2345 445 2407; x_wconf 74' lang='lat' dir='ltr'><strong>pei</strong></span> <span class='ocrx_word' id='word_1_243' title='bbox 468 2344 501 2394; x_wconf 79' lang='lat' dir='ltr'><strong>ab</strong></span> <span class='ocrx_word' id='word_1_244' title='bbox 520 2341 569 2392; x_wconf 76' lang='lat' dir='ltr'>ilic</span> <span class='ocrx_word' id='word_1_245' title='bbox 620 2345 648 2392; x_wconf 84' lang='lat' dir='ltr'><strong>st</strong></span> <span class='ocrx_word' id='word_1_246' title='bbox 658 2357 703 2392; x_wconf 84' lang='lat' dir='ltr'><strong>sss</strong></span> <span class='ocrx_word' id='word_1_247' title='bbox 717 2346 765 2408; x_wconf 79' lang='lat' dir='ltr'><strong>qui</strong></span> <span class='ocrx_word' id='word_1_248' title='bbox 781 2341 905 2392; x_wconf 74' lang='lat' dir='ltr'><strong>caelestes</strong></span> <span class='ocrx_word' id='word_1_249' title='bbox 921 2355 1023 2407; x_wconf 73' lang='lat' dir='ltr'><strong>semper</strong></span> <span class='ocrx_word' id='word_1_250' title='bbox 1040 2341 1135 2405; x_wconf 71' lang='lat' dir='ltr'><strong>traditi,</strong></span> 
     </span>
     <span class='ocr_line' id='line_1_28' title="bbox 53 2409 1039 2475; baseline 0.007 -17"><span class='ocrx_word' id='word_1_251' title='bbox 53 2409 185 2472; x_wconf 74' lang='lat' dir='ltr'><strong>pestifero</strong></span> <span class='ocrx_word' id='word_1_252' title='bbox 202 2410 358 2475; x_wconf 75' lang='lat' dir='ltr'><strong>deperdito</strong></span> <span class='ocrx_word' id='word_1_253' title='bbox 377 2412 430 2460; x_wconf 79' lang='lat' dir='ltr'>cici</span> <span class='ocrx_word' id='word_1_254' title='bbox 446 2412 569 2475; x_wconf 75' lang='lat' dir='ltr'>iemps-i·</span> <span class='ocrx_word' id='word_1_255' title='bbox 621 2409 737 2464; x_wconf 70' lang='lat' dir='ltr'><strong>colunto.</strong></span> <span class='ocrx_word' id='word_1_256' title='bbox 1036 2415 1039 2420; x_wconf 83' lang='grc'><em>“</em></span> 
     </span>
    </p>
   </div>
   <div class='ocr_carea' id='block_1_5' title="bbox 0 0 1401 4568">
    <p class='ocr_par' dir='ltr' id='par_1_6' title="bbox 0 0 1401 4568">
     <span class='ocr_line' id='line_1_29' title="bbox 0 0 1401 4568; baseline 0 0"><span class='ocrx_word' id='word_1_257' title='bbox 0 0 1401 4568; x_wconf 95' lang='lat' dir='ltr'><strong> </strong></span> 
     </span>
    </p>
   </div>
  </div>
 </body>
</html>
