2738 4576
318 267 360 320 bu
379 266 481 320 cumo
500 265 655 322 l'UtiUllTll.
691 267 717 322 G.
737 269 846 323 55-58.
1057 261 1118 325 159

39 450 108 522 post
122 440 227 502 malam
244 457 376 521 pugnam
391 440 429 500 ab
444 457 514 520 rege
530 440 685 502 defecerat.
716 437 761 500 Ec
781 457 850 500 cum
872 439 992 502 delectis
1012 440 1119 519 equiti·
1140 450 1154 502 l

42 527 99 588 bus
115 534 207 587 noctu
222 526 319 606 pergit
334 533 364 587 et
378 525 435 586 iam
451 525 672 604 egredientibus
683 524 825 586 Romanis
840 523 870 586 in
887 533 972 604 porta
987 543 1118 605 pugnam

43 613 128 687 lacit;
144 611 231 673 simul
245 609 351 691 magna
365 627 437 672 voce
450 609 605 672 Siccenses
616 610 760 682 bortatur,
776 609 820 670 uti
836 610 966 672 cohortis
981 609 1018 671 ab
1032 619 1118 691 tergo

43 696 278 759 circumveniant
284 713 293 772 ;
315 697 466 757 lortunam
482 696 538 757 illis
553 694 696 775 praeclari
711 695 853 758 facinoris
868 713 968 757 casum
985 696 1068 756 dare:
1093 695 1117 757 si

40 783 67 844 id
84 782 219 856 fecerint
235 790 336 861 postea
353 799 418 844 sese
433 780 463 841 in
476 798 580 858 reguo,
596 780 662 842 illos
677 780 707 840 in
720 779 855 841 libertate
866 780 932 842 sine
946 788 1027 842 metu
1038 789 1117 842 aeta-

42 877 100 929 tem
117 875 244 928 acturos.
275 869 317 927 dc
332 865 363 926 ni
387 866 497 928 Marius
519 867 602 944 signa
621 865 733 926 inferre
754 875 842 945 atque
863 865 986 926 evadere
1008 865 1118 945 oppido
1140 875 1154 925 5

40 952 266 1032 properavisset,
282 953 416 1031 profecto
433 951 533 1012 cuncti
549 960 600 1012 aut
615 967 722 1028 magna
740 967 809 1030 pars
824 949 1007 1013 Siccensium
1029 951 1118 1014 tidem

39 1037 248 1099 mutavissent:
270 1045 351 1098 tanta
373 1035 536 1098 mobilitate
550 1055 615 1098 sese
629 1036 771 1098 Numidae
789 1045 908 1116 gerunt.
938 1036 995 1098 Sed
1010 1035 1118 1098 milites
1139 1046 1155 1095 tt

39 1122 207 1201 Iugurthini
217 1121 367 1202 paulisper
380 1121 416 1182 ab
428 1139 498 1200 rege
509 1121 673 1196 sustentati,
690 1130 846 1200 postquam
858 1121 969 1182 maiore
980 1121 1007 1182 vi
1019 1122 1119 1184 hostes

39 1216 157 1288 urgent,
173 1207 274 1286 paucis
289 1207 403 1268 amissis
418 1207 537 1286 profugi
552 1207 715 1268 discedunt.

125 1293 235 1354 Marius
250 1293 286 1353 ad
302 1292 418 1354 Zamam
435 1290 578 1371 pervenit.
615 1291 648 1353 ld
664 1291 821 1371 oppidum,
843 1291 873 1353 in
891 1309 995 1372 campo
1017 1292 1115 1366 situm,
1133 1293 1168 1350 bl

38 1378 133 1456 magis
156 1395 245 1456 opere
268 1393 356 1457 quam
379 1387 485 1438 natura
506 1377 654 1438 munitum
683 1385 759 1450 erat,
785 1375 898 1438 nullius
923 1377 1047 1438 idoneae
1073 1376 1116 1438 rel

40 1481 147 1542 egens,
170 1463 259 1524 armis
273 1462 404 1542 virisque
428 1463 613 1542 opulentum.
643 1461 737 1539 Igitur
751 1461 885 1523 Metellus
905 1480 961 1541 pro
983 1469 1118 1542 tempore
1138 1468 1153 1520 2

38 1559 127 1628 atque
152 1548 218 1610 loco
239 1548 348 1628 paratis
370 1546 461 1609 rebus
483 1555 591 1608 cuncta
613 1546 730 1608 moenia
756 1547 887 1607 exercitu
912 1546 1116 1622 circumvenit,

37 1633 143 1713 legatis
158 1633 292 1713 imperat,
308 1632 359 1693 ubi
375 1632 502 1712 quisque
517 1640 644 1693 cureret.
676 1631 788 1694 lleinde
802 1631 888 1708 signo
904 1632 971 1692 dato
985 1631 1118 1710 undique
1140 1641 1154 1691 a

37 1718 125 1780 simul
141 1718 252 1779 clamor
266 1718 372 1797 ingens
388 1717 491 1791 oritur,
513 1734 611 1795 neque
627 1733 724 1778 cares
738 1715 879 1777 Numidas
893 1723 1003 1778 terret:
1018 1716 1117 1777 inlen-

37 1805 59 1865 si
77 1803 245 1882 intentique
261 1803 325 1864 sine
341 1802 470 1864 tumultu
486 1809 624 1863 manent:
636 1801 782 1880 proelium
799 1800 950 1879 incipitur.
981 1800 1117 1876 Romani,
1138 1810 1154 1861 l

37 1908 92 1969 pro
109 1887 231 1968 iugenio
248 1887 390 1967 quisque,
407 1904 477 1966 pars
492 1885 609 1948 eminus
624 1887 729 1966 glande
745 1894 796 1947 aut
810 1885 957 1964 lapidibus
972 1903 1116 1966 pugnare,

37 1974 84 2035 alii
106 1972 267 2034 succedere
290 1991 324 2033 ac
345 1991 463 2033 murum
486 1972 576 2033 modo
599 1971 746 2034 suffodere
768 1971 857 2032 modo
880 1970 966 2033 scalis
988 1970 1116 2050 aggredi,

38 2076 150 2138 cupere
166 2058 311 2137 proelium
327 2057 357 2119 in
373 2057 510 2141 manibus
525 2058 632 2118 lacere.
664 2056 773 2118 Contra
789 2074 823 2118 ea
842 2056 984 2136 oppidani
1000 2057 1031 2117 in
1045 2074 1117 2136 pro·
1139 2066 1153 2116 5
1201 2093 1204 2103 ·

36 2163 144 2206 xumcs
159 2161 227 2208 saxa
242 2144 373 2219 volvere,
397 2135 478 2206 sirdis
492 2142 566 2223 pila,
587 2151 740 2222 praeterea
756 2141 853 2222 picem
874 2141 997 2222 sulpure
1012 2150 1042 2204 et
1056 2149 1116 2202 tae-
1148 2167 1166 2214 p
1180 2149 1223 2188 ν’

37 2231 71 2290 da
96 2229 217 2290 mistam
240 2229 356 2290 ardenti
377 2229 504 2290 mittere.
549 2228 607 2289 Sed
630 2247 668 2290 ne
691 2227 756 2289 illos
778 2226 911 2306 quidem,
939 2227 990 2306 qui
1012 2225 1118 2307 procul
1138 2238 1153 2288 5

36 2321 224 2389 manserant,
247 2314 336 2375 timor
351 2315 441 2376 animi
455 2313 525 2376 satis
546 2313 727 2389 muniverat3
750 2329 819 2373 nam
842 2312 1002 2392 plerosque
1024 2311 1117 2373 iacula

36 2399 195 2461 tormentis
218 2406 268 2460 aut
289 2417 380 2460 manu
403 2400 509 2461 emissa
530 2397 737 2472 volnerabant‚
763 2398 887 2476 parique
909 2396 1043 2478 periculo
1065 2396 1117 2460 sed

37 2485 113 2546 lama
130 2483 227 2562 inpari
242 2482 316 2544 boni
330 2493 418 2562 atque
432 2482 530 2563 ignavi
546 2491 640 2544 erant.
669 2481 744 2544 llum
765 2482 842 2561 apud
859 2481 975 2546 Zamam
992 2483 1034 2544 sic
1049 2502 1115 2544 cer·
1129 2488 1167 2545 58

37 2579 130 2640 tatur,
155 2567 297 2644 lugurtba
313 2586 347 2628 ex
371 2567 522 2649 inproviso
539 2577 635 2628 castra
655 2566 784 2626 hostium
808 2584 875 2625 cum
898 2585 1004 2646 magna
1027 2586 1117 2630 manu

37 2652 162 2728 invadit;
189 2651 318 2714 remissis
339 2653 389 2731 qui
411 2652 442 2714 in
464 2652 611 2731 praesidio
634 2658 719 2711 erant
739 2658 768 2710 et
789 2649 888 2710 omnia
910 2652 1002 2730 magis
1029 2670 1116 2730 quam

68 2791 94 2840 l.
117 2799 221 2836 aarum:
240 2799 272 2837 au
291 2787 332 2851 25,
350 2788 373 2838 9.
603 2781 690 2836 stellet
713 2782 842 2836 brauclten
866 2780 954 2835 diesen
974 2781 1117 2849 Ausdruclr‚

69 2857 94 2907 6.
117 2854 216 2905 militer
297 2855 452 2904 mtentate':
479 2851 502 2904 d.
526 2852 551 2906 b.
602 2849 644 2903 (115
653 2849 702 2902 Prii
722 2850 814 2904 osition
828 2850 875 2904 mit
886 2851 965 2903 lbrem
975 2850 1063 2914 Casus,
1076 2851 1117 2902 lllr

36 2921 138 2989 inpulsi
155 2925 187 2972 ut
204 2921 320 2974 55555555
331 2923 460 2989 impetum
472 2923 553 2972 susti·
603 2917 649 2972 das
661 2865 776 2972 cinitone
788 2918 899 2971 Adverb.
919 2923 1022 2971 contra.
1057 2917 1118 2971 llier

36 2994 137 3041 555555.
603 2986 1116 3054 5555151(15555155515515155555115515,

67 3056 114 3114 57.
134 3059 158 3109 1.
177 3061 274 3108 ceneta
292 3060 411 3110 moenia:
435 3050 486 3110 ‘die
508 3072 552 3123 ge·
603 3055 712 3108 sondern
737 3071 766 3108 es
784 3055 841 3108 sind
863 3061 939 3108 unter
957 3071 987 3106 aa
1005 3054 1047 3107 die
1064 3055 1116 3107 iln-

37 3128 116 3178 samte
139 3118 312 3191 Umwallung’
332 3124 371 3178 als
394 3127 435 3178 ein
453 3124 552 3178 (lennes
604 3122 677 3191 grille
686 3123 730 3176 der
738 3122 832 3175 Romen
844 3138 875 3175 au
884 3123 1029 3176 versteben.
1057 3122 1116 3190 Vgl.

38 3207 201 3259 genommen;
219 3192 271 3260 vgl.
291 3196 382 3245 5555ιί
399 3198 440 3259 55,
459 3197 483 3248 7.
603 3196 698 3244 contus
716 3193 781 3243 baec
799 3195 840 3257 lc,
858 3195 882 3244 l.

71 3265 95 3315 3.
113 3278 210 3328 neque:
229 3277 260 3314 au
278 3263 319 3324 20,
338 3266 361 3315 6.
635 3262 720 3326 picem
752 3265 813 3312 etc:
842 3258 961 3326 lltlsslges
992 3258 1061 3312 Pecb
1089 3260 1116 3312 ln

70 3332 94 3382 t.
110 3329 223 3395 glande:
241 3323 420 3396 ‘Bleilrngeln';
439 3327 483 3381 der
496 3327 552 3380 Sin·
602 3327 722 3380 Gesdlsen
737 3327 826 3380 warde
838 3327 918 3380 durch
930 3327 1015 3380 binein
1035 3343 1117 3380 ewor-

38 3397 88 3463 351.
106 3413 151 3450 zur
169 3396 350 3464 Bcaeicbnung
367 3396 411 3450 der
430 3395 551 3463 (lettung‚
603 3396 660 3448 lene
669 3395 816 3448 brennende
826 3394 966 3448 Schwelel·
978 3343 1035 3449 ung
1041 3394 1116 3448 11155-

39 3465 274 3531 5155.5.17,5.
601 3463 752 3516 bolasttlcke
776 3463 938 3530 angezdndet
966 3463 1019 3516 und
1045 3463 1115 3516 dieue

67 3535 203 3600 proelium
215 3537 245 3585 tn
253 3535 377 3584 monibus
388 3531 493 3594 faeere:
505 3528 549 3583 ‘im
600 3529 685 3585 blasae
708 3531 754 3583 aul
769 3531 810 3584 die
828 3530 1016 3597 Angreilenden
1037 3531 1115 3584 berab

40 3599 235 3668 llandgemenge
248 3617 278 3654 zu
292 3593 420 3668 lempsen’
434 3623 468 3644 -
481 3615 550 3651 com·
601 3600 755 3666 gescbltttet.
790 3598 848 3665 Vgl.
868 3599 938 3653 Caes.
957 3599 987 3652 Β.
999 3599 1026 3651 G.
1045 3602 1069 3666 2,
1085 3602 1113 3652 ll

40 3671 262 3737 minmpugnore.
283 3666 549 3735 Ganuentcpreohend
601 3681 683 3734 cupae
710 3668 789 3720 taeda
812 3683 844 3719 55
858 3671 919 3734 pice
941 3667 1058 3729 refertas
1074 3670 1116 3719 in-

41 3736 71 3788 ist
88 3737 121 3789 im
140 3737 319 3790 Griecblscben
338 3737 370 3786 lv
386 3739 464 3820 pepo!
484 3751 506 3788 5.
518 3735 548 3788 Β.
601 3737 718 3788 cendunt
742 3736 887 3804 autquarta
904 3752 980 3789 moro
998 3739 1029 3787 in
1045 3751 1115 3787 mua-

41 3804 90 3855 rlrr.
108 3805 170 3874 llxp.
188 3806 262 3859 Alex.
281 3808 305 3867 2,
326 3808 365 3867 10,
387 3809 402 3855 5
426 3773 549 3866 Aidkao·
601 3805 689 3856 culum
709 3805 859 3857 decolorent.
1185 3864 1186 3870 ¹

40 3866 112 3934 dpoc.
123 3911 129 3925 .
141 3875 172 3925 ἐν
179 3876 255 3944 χερσὶ
266 3869 318 3940 τὴν
328 3867 417 3940 μάχην
425 3867 548 3936 noricas.
635 3875 658 3925 d.
676 3873 723 3926 ced
732 3889 766 3924 ne
778 3912 784 3925 .
798 3909 821 3926 ..
835 3873 953 3939 quidem:
972 3871 1023 3923 wic
1035 3873 1076 3933 51,
1089 3874 1113 3924 b.

72 3944 95 3995 5.
124 3948 218 3994 555555
249 3959 292 3994 eor
328 3941 411 4006 einige
443 3938 550 3992 Schrllt·
635 3938 681 3996 58.
702 3945 723 3994 1.
741 3943 873 3994 remissis:
891 3940 944 4006 vgl.
960 3939 1031 3992 Caes.
1044 3937 1073 3992 B.
1086 3937 1114 3992 C.
