2776 4574
256 267 297 332 pc
635 266 661 320 c.
680 265 835 320 smnusn
848 265 955 320 ‘canu

259 445 328 528 quia
349 444 484 506 nondum
503 445 675 522 trequentes
691 444 798 504 armati.
814 449 1031 516 conveneram,
1053 461 1087 504 eu
1107 459 1156 504 res
1175 443 1344 506 cons'dimn

206 537 242 595 to
259 529 387 594 diremit.
417 529 523 592 Postea
534 529 603 591 Piso
619 527 648 588 in
662 528 830 589 citeriorem
841 527 1013 607 Euporum
1026 536 1166 605 quaemor
1180 546 1236 607 pro
1247 549 1345 608 prae·

258 626 324 678 tore
351 615 457 678 missus
478 623 536 688 est,
558 613 710 674 adnitente
728 613 850 687 Crasso,
878 613 1047 691 quodcum
1072 613 1213 674 infestum
1235 614 1344 676 inimi-

221 711 236 764 t
257 721 325 764 crim
342 701 395 762 Cn.
408 700 549 780 Pompeio
564 705 752 778 cognoverat.
781 698 884 778 Neque
899 705 998 758 tamen
1017 705 1137 760 senatus
1150 698 1344 778 provinciam

258 787 367 850 invitus
389 785 523 860 dederat3
553 783 664 863 quippe
687 783 1013 844 loedumhominema
1034 782 1206 862 republica
1228 786 1345 863 puocul

259 891 325 936 esse
340 871 468 942 volebat,
491 868 578 930 simul
598 869 666 946 quia
687 869 759 929 boni
781 868 949 948 complures
969 867 1146 946 praesidium
1167 868 1198 929 in
1219 888 1261 929 eo·
1282 889 1344 950 pu·

220 967 235 1018 8
258 957 359 1018 tabant
376 954 552 1016 etiamtum
568 954 699 1033 potentia
712 954 835 1032 Pompei
849 953 1126 1014 formidulosa-orat.
1156 953 1251 1015 Sedis
1267 955 1344 1018 Piso
1377 953 1378 968 ¹

259 1041 289 1102 in
313 1038 464 1119 provincia
486 1038 523 1100 ab
547 1038 696 1118 equitibus
711 1038 864 1118 Hispanis,
886 1055 961 1116 quos
980 1038 1009 1098 in
1033 1037 1164 1100 exercitu
1186 1039 1343 1116 ductabat

219 1136 234 1186 t
255 1125 312 1186 iter
326 1124 438 1185 iaciens
448 1117 569 1186 'occisus
583 1132 636 1185 est.
667 1124 744 1186 Sunt
755 1123 805 1202 qui
820 1122 859 1184 ita
874 1122 989 1197 dicant,
1008 1123 1132 1202 imperia
1147 1123 1211 1185 eius
1224 1124 1343 1188 iniusta

219 1221 234 1270 t
257 1207 386 1288 superba
409 1209 538 1270 crudelia
560 1208 703 1270 barbaros
724 1207 893 1287 nequivisse
911 1207 989 1286 pati;
1008 1208 1057 1268 alii
1079 1216 1191 1282 autem,
1218 1211 1342 1288 equites

254 1294 332 1368 illos,
345 1293 397 1354 Cn.
409 1292 532 1374 Pompei
543 1302 659 1355 veteres
668 1294 802 1373 fidosque
813 1294 938 1367 clientis,
953 1293 1104 1354 voluntate
1120 1293 1183 1355 eius
1194 1294 1341 1358 Pisonen

258 1397 426 1457 aggressum
443 1397 605 1458 numquam
620 1379 768 1460 Hispanos
782 1387 935 1458 praeterea
949 1379 1006 1438 tale
1022 1377 1136 1439 lacinus
1151 1379 1266 1456 secisse,
1285 1383 1341 1444 sed

219 1463 379 1542 eimperla
404 1482 487 1524 saeva
513 1464 605 1524 multa
631 1474 716 1525 antea
743 1482 910 1544 perpessos.
945 1461 1006 1524 Nos
1021 1481 1086 1523 eam
1100 1481 1163 1524 rem
1190 1464 1220 1526 in
1236 1467 1341 1528 medio

256 1548 469 1626 relinquemus.
484 1549 527 1610 lle
542 1549 696 1628 superiore
711 1549 917 1610 coniuratione
931 1548 1001 1610 satis
1016 1546 1136 1610 dietum.

204 1636 243 1692 2⁰
345 1633 484 1709 Catilina,
506 1633 559 1694 nbi
578 1653 644 1712 eos,
661 1654 737 1714 quos
763 1634 853 1716 paulo
872 1641 942 1695 ante
962 1633 1136 1708 memorari,
1159 1637 1341 1698 convenisse

255 1718 342 1792 videt,
358 1718 474 1780 tametsi
490 1737 557 1781 cum
572 1720 697 1800 singulis
707 1721 798 1782 multa
810 1737 897 1800 saepe
913 1727 1021 1798 egerat,
1036 1726 1133 1779 tamen
1147 1719 1178 1779 in
1190 1737 1256 1780 rem
1272 1721 1340 1781 lore

256 1805 382 1866 credens
398 1805 553 1867 univorsos
568 1805 716 1886 adpellare
732 1814 761 1868 et
775 1804 943 1877 cohortari,
964 1805 996 1866 in
1011 1803 1139 1864 abditam
1153 1813 1272 1885 partem
1288 1825 1340 1867 ae·

256 1889 338 1950 dium
353 1891 488 1966 secessit,
510 1899 599 1968 atque
620 1890 661 1951 ibi
676 1890 815 1952 omnibus
837 1888 955 1950 arbitris
975 1889 1081 1968 procul
1103 1890 1208 1950 amotis
1223 1891 1339 1954 oratio·

256 1992 326 2034 nem
341 1974 465 2036 huiusce
479 1975 559 2034 modi
573 1974 689 2035 hahuit:

218 2070 232 2119 2
337 2051 388 2119 ‘Ni
402 2059 494 2119 vinus
516 2058 648 2135 fidesque
668 2066 766 2119 vostra
781 2063 911 2137 spectata
927 2057 998 2118 milri
1013 2059 1129 2133 forent,
1152 2057 1340 2138 nequiquam

257 2150 427 2223 opportuna
452 2161 500 2202 res
516 2142 682 2202 cecidisset:
712 2161 781 2221 spes
803 2160 925 2220 magna,
957 2143 1119 2205 dominatio
1142 2143 1172 2205 in
1196 2144 1340 2207 manibus

254 2308 317 2357 allio
336 2307 548 2372 pulcherrimum
570 2307 712 2368 facinus
728 2312 767 2360 ut·-
818 2309 871 2374 lug.
885 2311 927 2375 31,
945 2312 990 2370 1ος
1010 2311 1051 2373 dd,
1065 2313 1087 2360 ὅ.
1123 2309 1182 2362 Hier
1199 2309 1234 2360 ist
1251 2311 1337 2364 sehon

254 2373 376 2426 dedatur.
818 2377 913 2429 vorher
929 2375 1160 2440 helpracsidlam
1182 2393 1214 2427 nu
1232 2377 1339 2431 duker

288 2444 396 2505 signum
473 2442 592 2494 diaconii:
610 2441 723 2497 Suetons
735 2448 766 2509 (s.
817 2441 909 2526 ‘pepon
922 2443 963 2494 dic
974 2441 1129 2494 Ubermooltt
1152 2442 1197 2494 des
1224 2443 1340 2513 Pompo

255 2523 287 2560 zu
311 2509 327 2574 ᾗ
348 2511 374 2572 31
398 2508 627 2563 (lewihrsminner
653 2511 766 2580 dagegen
814 2513 875 2576 Jcs;
894 2509 964 2561 disse
982 2523 1036 2562 war
1054 2509 1292 2566 anahnamemlich
1311 2517 1337 2566 io

255 2575 400 2630 berichten:
414 2578 538 2631 Graecum
550 2579 768 2646 torpescentia
818 2577 942 2644 Spanius,
966 2592 1010 2630 wo
1027 2592 1053 2630 er
1071 2576 1119 2632 den
1138 2576 1236 2632 Sertcr.
1254 2580 1338 2648 uueg

254 2645 298 2696 vol
318 2650 389 2696 noctu
412 2647 482 2698 diem
508 2649 584 2700 caedi
606 2649 767 2702 mennatum
818 2645 941 2712 beeudt'gl
963 2645 1046 2710 halle,
1072 2645 1144 2698 nieht
1166 2647 1257 2714 garing
1283 2649 1337 2702 und

254 2729 310 2765 non
332 2717 429 2781 odisse,
451 2721 477 2767 ot
499 2718 601 2769 idcirco
625 2734 659 2769 nc
677 2717 770 2769 Cacsa-
821 2713 913 2766 echion
928 2713 1089 2768 hedenkliclt.

254 2785 436 2900 ffstuidm
452 2786 671 2902 sigtnuplabiquod
686 2789 719 2836 ab
738 2803 768 2836 eo
823 2783 1052 2901 Wdl'led'mmm
1077 2777 1134 2832 ‘mit
1158 2780 1259 2834 Wissen
1285 2785 1338 2838 und

291 2868 317 2901 rt
340 2868 513 2912 concanora,
557 2869 570 2901 a
600 2869 653 2912 cm
676 2868 769 2903 eonce-
856 2875 857 2882 ¹
919 2879 937 2900 ι.

254 2921 326 2970 nicee
343 2925 433 2970 autom
457 2924 488 2969 ut
511 2923 602 2982 togam
627 2920 659 2968 de
676 2935 768 2970 umero
853 2931 1000 2981 numquam
1021 2915 1153 2982 Haemos
1178 2919 1241 2970 clu:
1264 2933 1338 2972 zwcr

253 2987 379 3038 deiceret.
819 2997 874 3036 war
892 2981 1041 3035 dorlechon
1054 2983 1140 3036 louhen
1152 2999 1195 3036 nur
1214 2985 1273 3036 deit
1291 2986 1337 3039 dos

288 3051 334 3105 19.
363 3057 384 3104 1.
407 3067 460 3118 pro
483 3057 622 3118 praetore:
650 3052 697 3103 mit
724 3052 768 3104 der
820 3049 1040 3118 umoeolnacae
1058 3051 1099 3104 ein
1117 3052 1147 3103 L.
1160 3053 1224 3103 Pauo
1235 3053 1337 3119 Frugi,

254 3117 426 3183 Amtsgewolt
450 3119 521 3172 eines
539 3119 640 3179 Pratum
664 3118 716 3185 vgl.
734 3135 767 3172 au
819 3120 859 3171 ein
872 3119 988 3171 bessem
1000 3119 1039 3172 als
1051 3119 1135 3172 dieser
1146 3119 1208 3184 (Cic.
1221 3120 1251 3174 in
1262 3119 1336 3174 Van.

253 3185 308 3251 lug.
327 3188 369 3252 36,
387 3191 411 3239 1.
818 3190 848 3251 4,
871 3189 916 3249 25,
936 3189 992 3252 56),
1014 3188 1054 3240 als
1074 3186 1211 3255 Proprlitor
1233 3191 1336 3252 geldtct

289 3257 312 3305 2.
332 3258 433 3307 tamon:
452 3255 571 3320 obgleicli
588 3271 646 3307 man
658 3253 714 3308 dies
726 3254 768 3307 bei
819 3253 935 3316 wordum
955 3255 1016 3308 aber
1034 3255 1088 3308 dies
1107 3267 1161 3308 war
1179 3270 1230 3308 von
1249 3256 1335 3310 einen

254 3321 300 3374 der
318 3323 500 3388 angegebenen
514 3322 632 3388 Stelluug
650 3323 696 3376 des
708 3322 767 3376 Piso
820 3322 914 3375 wilden
934 3322 1047 3376 Stemma
1065 3323 1217 3390 gescheleen.

255 3389 313 3441 dem
338 3389 432 3443 senate
455 3391 603 3458 qegenliber
627 3391 679 3444 uod
703 3391 768 3444 nach
854 3389 902 3446 Sil.
918 3394 942 3444 1.
958 3395 1120 3458 nequiquam
1134 3392 1334 3444 ...aedessae
1373 3440 1374 3448 ,

255 3458 304 3510 den
318 3457 603 3524 trubercnllorglugen
617 3459 769 3512 niolitltlilte
820 3459 890 3512 stelit
916 3459 1022 3525 parallel
1052 3459 1108 3512 dem
1140 3459 1201 3525 lolg.
1229 3458 1335 3520 smum

255 3529 381 3578 erwarlen
400 3527 491 3580 sollen.
819 3528 946 3590 humanu
966 3532 1118 3594 opportuna
1134 3545 1178 3578 rea
1193 3519 1335 3595 l‘gdnstige

289 3595 363 3646 boni:
382 3593 423 3647 die
441 3595 481 3647 luc
496 3594 639 3661 Erhnltung
657 3595 703 3648 des
720 3595 769 3649 ue
820 3595 958 3661 Wendunq
981 3595 1026 3648 der
1042 3594 1135 3661 llinge,
1154 3610 1179 3661 g.
1198 3593 1333 3663 Sachlcge'

255 3661 395 3715 mheoden
413 3663 554 3716 besonders
570 3663 684 3730 tltitigen
697 3663 769 3730 Opti·
821 3679 841 3717 s.
862 3666 903 3728 16,
921 3665 947 3725 5)
966 3662 1031 3714 wind
1049 3663 1171 3716 erliulert
1189 3662 1282 3716 dmcla:

255 3733 349 3785 maten.
853 3746 912 3796 opos
928 3745 1028 3796 magua
1049 3736 1112 3784 ete:
1136 3730 1177 3783 die
1197 3729 1287 3784 Wonte
1306 3736 1332 3782 aa

289 3802 315 3848 et
326 3801 425 3851 iam...
435 3805 507 3851 aaut:
526 3800 682 3868 explicative
692 3799 769 3853 Silae
819 3800 943 3850 manibus
954 3797 1039 3851 bilden
1057 3799 1096 3852 ein
1109 3799 1225 3852 Attrilout
1242 3815 1274 3852 su
1288 3801 1332 3852 do·
1372 3849 1373 3860 ,

255 3865 359 3918 werden
378 3866 457 3920 ultore
470 3867 549 3921 durch
566 3867 608 3921 die
626 3868 710 3922 blolse
722 3868 769 3920 Go—
820 3868 934 3918 matio
947 3875 978 3929 ts.
992 3881 1023 3919 nu
1037 3871 1061 3932 3,
1073 3869 1108 3932 ll,
1124 3865 1169 3919 der
1180 3866 1255 3918 dorm
1269 3869 1332 3920 nacla

254 3934 315 4001 pola
328 3934 500 4004 angelmuplt;
513 3951 543 3989 so
558 3939 599 4003 20,
614 3938 657 3998 ll}
668 3939 709 4000 51,
724 3939 767 3996 155
821 3934 1008 4002 antepreclicnd
1019 3935 1077 3988 dan
1089 3950 1191 4000 magn
1200 3935 1243 3988 bai
1260 3951 1331 4002 spu:
