2738 4576
301 299 343 351 DE
359 299 461 353 BELLO
479 298 632 354 lUGUR'l'll.
668 301 695 353 G.
714 303 823 354 60-62.
1036 297 1096 360 163

20 474 80 536 bus
98 483 192 549 eraut,
214 475 360 554 praesidia
375 475 508 555 inponit3
531 484 663 536 ceterum
682 475 843 536 exercitum
859 476 889 536 in
906 474 1098 554 provinciam,
1120 487 1135 538 2

21 579 99 640 quae
113 578 256 640 proxuma
273 568 316 621 est
325 560 487 635 Numidiae,
503 560 652 621 hiemandi
666 561 758 640 gratia
774 560 918 622 conlocat.
948 561 1051 639 Neque
1067 561 1096 621 id
1119 572 1134 622 3
1173 571 1175 580 ’

22 655 140 725 tempus
154 663 190 706 en
205 645 331 706 aliorum
345 664 429 706 more
446 645 537 725 quieti
552 655 602 707 aut
617 646 750 707 luxuriae
762 646 906 721 concedit,
922 646 983 718 sed,
1000 664 1096 724 quon-

22 732 79 792 iam
96 730 184 791 armis
205 726 317 792 bellum
339 749 444 810 parum
466 731 660 810 procedebat,
683 731 804 792 iusidias
825 731 889 810 regi
911 749 965 810 per
987 730 1097 791 amicos

22 817 146 877 tendere
161 824 306 877 eteorum
323 817 447 897 perfidia
461 834 517 895 pro
539 816 628 877 armis
642 816 686 877 uti
708 825 800 896 parat.
837 816 931 895 Igitur
952 815 1096 876 bomilca-
1118 828 1134 878 4

21 919 103 975 rem,
120 901 171 980 qni
186 901 296 961 Romae
311 920 379 962 cum
401 901 543 980 Iugurtha
565 902 661 962 iuerat
683 910 712 962 et
734 902 802 962 iude
825 901 942 962 vadibus
965 901 1038 962 datis
1060 899 1096 961 de

21 987 162 1048 Massivae
177 1004 251 1047 nece
273 987 414 1048 iudicium
436 987 565 1064 lugeant,
582 986 661 1065 quod
685 987 712 1046 ei
733 1004 973 1066 per-maxumam
995 985 1095 1046 amici-

20 1072 92 1132 tiam
107 1089 242 1132 maxuma
257 1072 342 1151 copia
357 1072 478 1133 fallundi
499 1081 575 1146 erat,
591 1072 691 1134 multis
706 1071 969 1151 pollicitationibus
991 1089 1095 1151 aggre-

21 1157 112 1218 ditur.
138 1155 291 1234 deprimo
307 1155 405 1232 elficit,
421 1157 465 1218 uti
480 1157 516 1217 ad
531 1175 562 1218 se
578 1156 779 1235 conloquendi
794 1157 886 1236 gratia
900 1157 1034 1218 occultus
1048 1173 1097 1216 ve·
1119 1167 1133 1216 5

21 1243 99 1318 uiat;
112 1241 218 1302 deiude
229 1242 286 1303 fide
298 1243 372 1318 data,
388 1243 413 1304 si
429 1241 598 1320 iugurtham
614 1242 712 1302 vivum
724 1249 774 1302 aut
788 1250 926 1320 necatum
938 1241 995 1303 sibi
1005 1241 1095 1302 tradi-

21 1327 126 1400 disset,
143 1327 207 1387 lore
222 1334 254 1387 ut
268 1327 309 1388 illi
324 1335 444 1389 senatus
459 1327 654 1407 inpunitatem
670 1335 700 1387 et
714 1345 766 1388 sua
788 1328 886 1388 omnia
909 1327 1096 1402 concederet,

21 1413 107 1473 lacile
121 1411 264 1472 Numidae
279 1413 452 1491 persuadet,
469 1431 536 1473 cum
552 1413 673 1493 ingenio
689 1411 780 1473 iulido
794 1422 858 1474 tum
880 1412 1024 1474 metuenti
1047 1429 1094 1485 ue,

21 1498 43 1558 si
58 1515 118 1577 pan
134 1514 203 1558 cum
218 1496 360 1558 Romanis
374 1498 474 1572 fieret,
491 1497 624 1578 ipseper
645 1497 838 1559 condiciones
859 1497 894 1557 ad
916 1496 1094 1576 supplicium

20 1582 195 1643 traderetur.
226 1582 263 1654 ls,
279 1581 330 1643 ubi
344 1583 473 1663 primum
490 1591 690 1662 opportunum
706 1582 770 1657 luit,
786 1582 957 1662 Iugurtham
972 1581 1093 1642 anxium
1109 1584 1147 1641 65

20 1685 52 1728 ac
67 1667 259 1728 miserantem
274 1668 409 1728 fortunas
424 1685 492 1728 suas
508 1667 635 1742 accedit;
649 1675 752 1728 monet
763 1676 851 1745 atque
863 1667 1030 1728 lacrumans
1041 1665 1096 1727 ob-.
1186 1735 1192 1746 .

20 1761 153 1826 testatur,
164 1752 209 1813 uti
220 1752 377 1830 aliquando
389 1751 444 1813 sibi
455 1751 615 1830 liberisque
627 1759 657 1812 et
667 1729 759 1852 gentf
767 1750 958 1813 Numidarum
975 1759 1095 1830 optume
1143 1730 1183 1824 si

19 1838 142 1899 meritae
156 1837 324 1916 provideat:
341 1835 480 1898 omuibus
495 1837 615 1917 proeliis
629 1855 693 1898 sese
708 1837 809 1910 victos,
826 1854 929 1916 agrum
940 1844 1093 1910 vastatum,
1136 1827 1142 1850 ¹

20 1924 129 1984 multos
142 1923 274 1984 mortalis
289 1930 391 2002 captos
407 1921 529 1996 occisos,
544 1923 630 2000 regui
647 1939 718 2002 opes
735 1921 931 1983 comminutas
945 1940 1023 1997 esse;
1047 1939 1094 1982 sa-

20 2009 54 2069 tis
68 2025 159 2087 saepe
175 2006 273 2068 iamet
285 2008 421 2069 virtutem
436 2007 561 2068 militum
577 2017 606 2070 et
620 2008 768 2069 fortunam
784 2015 971 2086 temptatam
987 2014 1093 2079 caveat,

21 2112 56 2154 ne
71 2093 124 2154 illc
141 2101 301 2154 cunctante
314 2093 457 2154 Numidae
472 2092 529 2154 sibi
543 2093 709 2155 cousulant.
739 2092 792 2156 llis
806 2102 894 2171 atque
909 2092 1016 2153 talibus
1032 2091 1095 2152 aliis
1116 2100 1131 2150 2

22 2178 54 2237 ad
69 2177 252 2239 deditionem
268 2178 347 2258 regis
362 2178 494 2240 animum
508 2178 632 2259 inpellit.
663 2177 822 2240 Mittuntur
836 2179 871 2239 ad
888 2177 1095 2258 imperatorem
1117 2184 1131 2234 3

21 2262 122 2343 legati,
139 2263 190 2342 qui
211 2263 382 2342 Iugurtham
405 2264 547 2343 imperata
568 2265 717 2326 facturum
738 2263 872 2325 dicerent
893 2281 927 2323 ac
948 2262 1013 2324 sine
1035 2261 1093 2322 ulla

22 2348 158 2424 pactione
173 2367 237 2408 sese
253 2367 438 2428 regnumque
453 2367 539 2411 suum
561 2349 591 2409 in
608 2349 686 2410 iNius
701 2349 789 2409 tidem
803 2347 929 2410 tradere.
959 2348 1094 2408 Metellus
1115 2355 1131 2406 4

22 2451 147 2513 propere
164 2442 289 2494 cunctos
303 2432 443 2496 senatorii
459 2433 572 2495 ordinis
586 2453 623 2495 ex
637 2433 771 2494 hibernis
792 2433 900 2495 arcessi
923 2433 1019 2509 iubet3
1042 2452 1093 2494 eo-

23 2535 83 2578 rum
103 2529 133 2579 et
144 2517 279 2591 aliorum,
292 2536 367 2595 quos
381 2517 506 2579 idoneos
519 2518 654 2592 ducebat,
667 2517 822 2578 consilium
837 2517 934 2578 babet.
959 2517 1002 2578 lta
1013 2536 1096 2578 more
1116 2526 1131 2575 5

23 2604 165 2664 maiorum
181 2619 217 2661 ex
233 2602 337 2662 consili
353 2601 473 2662 decreto
484 2620 539 2681 per
549 2602 660 2680 legatos
672 2601 831 2680 iugurthae
842 2601 968 2680 imperat
979 2601 1093 2680 argenti

24 2749 92 2806 Pron.
113 2752 139 2802 iu
157 2750 239 2802 ciuem
256 2749 469 2802 indiliativiscben
481 2749 532 2802 Ne·
612 2767 665 2817 per
681 2750 863 2801 condiciones:
881 2763 914 2800 au
926 2749 979 2800 (lat.
997 2753 1039 2814 51,
1052 2752 1092 2805 36.

24 2817 141 2872 bensatze
158 2819 206 2870 mit
216 2819 332 2885 eigeuem
345 2816 463 2883 Subjelrt,
482 2819 532 2870 wie
616 2818 664 2873 ⁶2.
676 2822 699 2871 3.
711 2816 849 2880 facturum
859 2855 865 2868 .
876 2855 882 2869 .
892 2854 899 2868 .
909 2817 1028 2868 maduo:
1041 2833 1094 2870 wa-

25 2889 59 2952 56,
79 2892 108 2948 1;
128 2890 169 2951 88,
188 2891 215 2948 4;
237 2889 293 2951 103,
311 2889 334 2940 2.
581 2901 636 2939 rum
655 2891 740 2939 meret
757 2885 867 2940 derlni.
884 2883 939 2938 Fut.
955 2883 1008 2937 und
1026 2885 1093 2937 daun

53 2959 75 3008 2.
93 2959 123 3006 in
135 2957 319 3021 provinciam:
332 2958 407 3006 =in
422 2957 532 3022 prouin-
582 2954 627 3007 der
643 2953 689 3006 lni.
707 2953 793 3007 Praes.
814 2957 913 3022 gesetzt
930 2954 973 3018 ist,
994 2953 1093 3019 ergiebt

26 3025 75 3074 ctae
93 3039 152 3074 enm
164 3027 289 3089 parton,
307 3039 376 3090 quae
393 3028 454 3084 etc.;
478 3023 530 3090 vgl.
581 3023 636 3078 eicb
654 3037 700 3074 aus
718 3021 762 3074 der
779 3023 938 3074 natdrlicben
950 3019 1031 3089 Folge
1048 3021 1093 3073 der

27 3086 64 3155 Ep.
77 3090 192 3158 Pomptl
208 3107 232 3144 ιι.
246 3091 297 3144 Cic.
308 3107 334 3156 p.
344 3089 397 3144 Nil.
407 3093 455 3156 3,7
469 3096 532 3143 ante
582 3091 764 3157 engegebenen
780 3089 870 3157 llinge.

28 3173 99 3221 qoam
109 3160 207 3211 adeam
217 3161 533 3225 orationemuenio,quao
616 3160 888 3225 nunccupantem:
908 3157 993 3210 frtiber
1008 3161 1039 3224 (s.
1050 3161 1093 3223 46,

27 3229 185 3306 estpropric
204 3231 306 3278 cestrae
324 3230 494 3295 quaestionis.
583 3230 615 3309 ²³.
631 3231 672 3293 tt,
691 3230 716 3308 3)
737 3227 809 3279 bulte
827 3242 854 3279 er
872 3226 926 3278 sicli
943 3227 1033 3280 immet
1049 3241 1093 3293 ge·

28 3297 533 3436 plectentem:cluunt
581 3293 1092 3428 ulciscentibus..

28 3431 55 3478 ist
63 3430 155 3496 gerade
164 3431 205 3484 die
214 3431 532 3499 gegeutelligeRuclrsicbt
581 3431 760 3485 verbundenen
774 3449 809 3483 ec
821 3429 917 3482 conob·
928 3431 1031 3482 decreto
1042 3433 1092 3482 tm-

28 3497 184 3564 ualsgebeud
201 3501 240 3551 als
259 3500 353 3551 soeben
371 3499 531 3565 belinpone·
600 3503 666 3564 erat,
684 3514 714 3552 so
731 3499 787 3552 dals
804 3499 849 3551 der
866 3497 987 3551 Gedanke
1004 3498 1039 3550 ist
1054 3494 1092 3551 ‘er

29 3577 62 3614 re:
74 3563 133 3618 blet.
147 3566 247 3619 licmmt
259 3571 311 3620 eret
322 3568 348 3618 in
361 3567 402 3620 die
412 3566 529 3619 Proviuz.
578 3514 696 3633 belfago
721 3567 777 3620 dem
801 3566 971 3620 llerlsommen
994 3567 1091 3632 gemus

57 3635 78 3684 l.
96 3635 127 3685 de
140 3635 272 3686 Massiuae
283 3650 358 3685 nece:
377 3635 468 3701 gebdrt
485 3650 531 3686 un·
581 3634 630 3687 deu
639 3633 769 3702 linegsret
781 3636 836 3700 (das
845 3635 957 3688 muleteu
966 3634 1007 3687 die
1018 3633 1091 3686 Feld·

30 3697 148 3754 mittelbar
166 3719 198 3754 zu
219 3704 363 3762 iudicium
386 3718 430 3754 zur
448 3701 531 3755 Seche
581 3702 656 3754 berrn
673 3703 699 3754 in
718 3704 822 3756 soleben
844 3704 985 3770 wicbtigeu
1003 3702 1090 3754 relten

31 3761 82 3832 Ktp.
101 3773 141 3823 35.
581 3771 662 3833 tbuul,
679 3771 731 3824 und
749 3772 913 3838 besahlpach
925 3771 1016 3823 dessen
1029 3769 1091 3822 Eut·

58 3838 78 3887 5.
102 3853 161 3889 oum
182 3840 292 3903 ingenio
314 3837 399 3900 infido
417 3840 479 3890 etc:
496 3861 530 3882 =
581 3837 722 3905 scbeidung
745 3833 799 3893 etc.²
835 3839 904 3891 Uber
921 3839 971 3891 den
989 3838 1091 3905 llriegs-

31 3905 69 3962 tvi
84 3919 142 3957 cum
158 3909 270 3972 ingenio
282 3905 383 3967 infidus
396 3911 456 3957 crat
474 3911 530 3958 tum
580 3907 620 3957 rat
637 3921 656 3958 s.
676 3909 718 3970 29,
735 3911 759 3960 5.

30 3975 156 4027 nemetae.
614 3976 739 4040 inperat:
757 3975 809 4040 vgl.
822 3973 895 4026 cros.
909 3977 932 4039 5,
947 3977 977 4027 15
996 3973 1033 4025 ad
1047 3973 1090 4026 do-

832 4057 884 4110 ll*
