2738 4576
258 253 318 314 170
537 293 540 298 -
630 255 656 308 G.
674 251 831 307 SALLUSTI
848 253 951 306 GRISPl

255 427 362 490 Italicis
376 427 503 488 intactus
519 427 660 507 profugit.
690 426 723 486 ld
736 426 977 488 misericordiane
992 427 1116 507 hospitis
1137 445 1174 488 an
1193 429 1322 508 pactione
1351 445 1352 502 }

256 531 293 574 an
309 530 378 574 casu
394 512 434 572 ite
449 512 596 586 evenerit,
611 529 717 591 parum
732 512 948 590 comperimus:
964 512 1037 586 uisi,
1053 512 1123 591 quia
1137 513 1179 574 illi
1195 513 1229 574 in
1252 523 1323 574 taum
1351 533 1352 584 t

255 598 332 659 malo
348 598 442 677 turpis
456 597 513 658 vita
529 597 644 676 integra
655 597 730 657 sama
745 596 845 675 potior
856 597 920 673 fuit,
936 597 1082 677 inprobus
1096 598 1323 677 intestabilisque
1351 631 1352 656 1

255 683 378 745 videtur.
415 737 418 744 .

204 775 242 834 68
342 767 491 842 Metellus,
507 775 662 846 postquam
686 766 722 826 de
744 765 834 828 rebus
856 766 952 846 Vagae
977 767 1051 828 actis
1073 768 1239 848 comperit,
1262 788 1325 848 pau·
1351 791 1352 802 ¹

254 854 345 934 lisper
356 861 485 914 maestus
497 870 532 912 ex
545 859 708 930 conspectu
718 851 779 912 abit
786 870 795 927 ;
807 851 923 928 deinde,
936 852 987 913 ubi
1000 852 1043 916 ira
1056 862 1085 912 et
1097 853 1256 933 aegritudo
1268 873 1324 933 per·
1351 875 1352 880 ¹

221 949 236 998 2
258 940 346 1000 mixta
362 945 440 1011 sunt,
464 955 530 997 cunr
546 954 681 997 maxuma
700 955 770 997 cura
787 937 883 997 ultum
904 938 948 998 ire
963 937 1085 998 iniurias
1107 939 1242 1000 festinat
1279 939 1324 999 Le·

257 1025 391 1104 gionem,
416 1041 484 1082 cum
500 1040 558 1100 qua
573 1021 734 1096 hiemabat,
758 1030 787 1082 et
802 1040 888 1100 quam
911 1023 1179 1102 plurumos'potest
1194 1024 1325 1084 Numidas

256 1108 369 1187 equites
384 1107 495 1185 pariter
511 1125 579 1167 cum
595 1124 702 1167 occasu
716 1107 786 1168 solis
801 1107 954 1186 expeditos
976 1106 1075 1169 educit
1090 1118 1121 1169 et
1142 1118 1267 1187 postero
1288 1110 1324 1169 die
1351 1145 1352 1156 ι

255 1191 374 1254 circiter
388 1191 460 1252 hora
483 1192 569 1252 tertie
591 1192 726 1270 pervenit
745 1192 775 1253 in
801 1194 948 1272 quandam
970 1193 1123 1271 planitiem
1146 1194 1224 1256 locis
1247 1195 1323 1274 paolo
1351 1177 1352 1230 1

219 1285 233 1336 t
254 1276 459 1356 superioribus
487 1276 727 1337 circumventam.
764 1276 808 1337 lbi
837 1277 943 1338 milites
964 1279 1057 1339 fessos
1079 1278 1197 1341 itineris
1222 1279 1323 1359 magni·

255 1362 357 1423 tudine
373 1370 403 1422 et
417 1361 475 1422 iam
490 1361 648 1423 abnuentis
664 1362 763 1422 omnia
778 1361 878 1436 docet,
903 1362 1045 1442 oppidum
1059 1363 1168 1442 Vagam
1186 1385 1251 1426 non
1273 1383 1322 1425 am·

255 1447 334 1527 plius
348 1447 428 1508 mille
444 1465 585 1526 passuum
601 1447 718 1508 abesse:
734 1448 840 1508 decere
856 1448 921 1509 illos
936 1446 1083 1526 reliquum
1095 1447 1323 1528 lahoremaeqnc
1351 1439 1352 1482 t

166 1564 169 1580 ‹
254 1532 352 1592 animo
369 1531 445 1611 pati,
468 1533 538 1592 dum
554 1551 610 1611 pro
626 1531 738 1593 civibus
753 1533 829 1607 suis,
845 1533 914 1594 viris
930 1533 1108 1596 fortissumis
1123 1543 1216 1613 atque
1231 1537 1321 1597 miser·

217 1626 232 1676 4
252 1617 354 1693 rumis,
366 1635 479 1697 poenas
492 1627 647 1709 coporeum
661 1626 814 1697 praeterea
826 1619 965 1697 praedam
977 1617 1108 1697 henigne
1120 1627 1264 1682 ostentat.
1285 1620 1322 1680 Sic
1351 1615 1352 1652 l

254 1703 360 1764 animis
375 1697 476 1763 eorum
493 1704 616 1764 arrectis
631 1703 745 1782 equites
760 1703 790 1763 in
806 1703 904 1782 primo
919 1703 992 1778 late,
1007 1703 1122 1783 pedites
1141 1723 1234 1784 quem
1249 1705 1320 1767 artis·

204 1791 240 1847 ca
255 1807 339 1850 sume
354 1789 398 1848 ire
413 1796 442 1848 et
455 1789 538 1868 signa
555 1788 703 1849 occultare
719 1787 809 1849 iubet.
839 1788 996 1866 Vagenses,
1012 1788 1063 1848 ubi
1079 1789 1215 1852 aninrum
1232 1793 1321 1852 adror-

287 1955 507 2006 misericordiane
514 1961 576 2006 etc:
586 1955 627 2008 die
635 1955 688 2006 drei
694 1957 766 2020 mfrg·
817 1956 959 2021 aegritudo
977 1955 1055 2008 allein
1072 1956 1127 2008 sein
1143 1956 1276 2010 cintaches
1286 1973 1322 2008 un·

254 2023 351 2088 lichen,
381 2023 501 2074 einander
532 2022 766 2074 ausschliefsenden
817 2023 984 2076 vermischtes
1002 2023 1096 2076 Gesiihl
1113 2039 1252 2090 gewesen;
1266 2027 1320 2091 Jetrt

253 2088 767 2155 Faillesind:personlichesMitleid‚vor-
818 2094 868 2142 trat
886 2091 951 2143 euch
968 2091 1013 2144 der
1029 2092 1094 2143 Zorn
1112 2092 1201 2145 hinzu.

253 2158 354 2223 heriges
377 2158 538 2209 Abkommen
564 2157 612 2207 mit
634 2156 681 2208 den
704 2155 767 2209 Ver·
852 2161 875 2210 2.
895 2162 1002 2224 pariter·
1026 2175 1097 2212 orem:
1125 2161 1182 2212 wie'
1204 2163 1259 2214 hier
1280 2175 1319 2212 roe

254 2227 421 2277 schworenen
434 2224 498 2287 (also
511 2223 602 2274 Verrat
613 2239 664 2275 ron
683 2224 766 2277 seiten
818 2225 862 2278 der
871 2226 927 2278 Zeit
938 2231 979 2291 ta,
992 2232 1017 2290 13
1033 2231 1089 2291 106,
1099 2233 1126 2289 53
1141 2229 1241 2284 ebenso
1254 2227 1321 2280 rimu

254 2292 298 2344 des
317 2290 470 2358 Turpilius),
492 2288 544 2342 und
569 2292 610 2342 ein
633 2292 685 2344 ihm
704 2296 767 2357 gsiu-
818 2309 878 2344 cum
897 2297 939 2358 91,
958 2298 982 2350 2.

253 2360 332 2425 stiget
349 2358 440 2410 Zuiall.
475 2358 538 2410 Also
557 2359 613 2411 eine
632 2359 766 2427 dreiglied-
851 2363 876 2414 3.
889 2367 995 2416 omnia:
1010 2362 1105 2428 objelo
1116 2381 1167 2417 von
1181 2368 1320 2418 abnuentis.

252 2428 307 2492 rige
324 2426 405 2492 Frage
427 2426 477 2478 wie
496 2425 536 2480 Or.
555 2425 620 2482 Phil.
641 2431 687 2490 12;
711 2429 764 2480 liv.
851 2431 922 2482 nrille
931 2447 1072 2498 persuum:
1091 2433 1162 2484 nicht
1175 2451 1224 2486 nur
1237 2436 1262 2486 iu
1278 2433 1321 2484 die-

255 2498 277 2560 1,
292 2498 330 2558 13,
348 2497 362 2546 't
381 2496 411 2545 id
427 2511 481 2546 oon
499 2496 766 2551 traditur...oetate
817 2513 870 2550 sem
889 2499 1023 2552 Ausdruck
1047 2499 1125 2562 diter,
1150 2503 1262 2555 sondern
1280 2501 1321 2552 bis·

252 2580 288 2614 an
306 2564 551 2628 degnitattlueeuis
565 2566 717 2617 virorumve
729 2581 765 2617 an
816 2567 910 2620 weilen
932 2567 997 2619 auch
1018 2567 1044 2618 in
1066 2568 1161 2620 andern
1179 2570 1261 2623 findet
1276 2568 1320 2622 sich

251 2637 323 2683 sorte
346 2632 427 2683 lectae
448 2636 504 2684 sint
528 2633 671 2701 (mutieres)
698 2650 765 2700 quaa
817 2633 861 2687 der
879 2633 948 2701 sing.
967 2636 1038 2686 mitte
1056 2635 1091 2688 im
1107 2636 1210 2694 Nomin.
1228 2655 1253 2691 u.
1270 2639 1320 2690 Ace.

252 2703 361 2752 nomina
380 2704 465 2752 curtis
482 2702 586 2754 darent.
816 2703 854 2754 als
864 2701 1015 2754 Substantiv
1028 2704 1075 2756 nrit
1086 2705 1144 2756 dem
1155 2705 1264 2759 Genetiv
1276 2721 1321 2756 rer·

285 2773 340 2820 oiri
349 2807 371 2821 ..
384 2771 519 2821 ,videtum
529 2795 563 2816 =
572 2773 686 2834 tristitie,
702 2773 765 2836 quia
816 2770 930 2830 bunden;
950 2788 971 2823 z.
985 2769 1013 2822 Β.
1027 2772 1077 2824 Cic.
1091 2789 1115 2840 p.
1128 2771 1183 2826 Mil.
1197 2777 1238 2839 20,
1251 2778 1282 2828 53
1299 2775 1320 2822 tn

252 2840 278 2887 ei
295 2844 342 2890 etc.
361 2837 413 2889 und
431 2837 485 2889 dies
502 2863 536 2882 a
554 2841 608 2888 nisi
632 2839 682 2888 hoc
705 2854 766 2889 eon·
815 2837 901 2899 fundo
919 2838 1025 2902 (oleret)
1047 2839 1130 2902 facile
1152 2843 1228 2894 mille
1250 2843 1321 2894 tomi·

251 2910 313 2972 etat,
328 2907 413 2970 illum,
428 2908 492 2970 quic
508 2907 533 2954 er'
544 2941 551 2955 .
561 2942 568 2957 .
579 2942 585 2956 .
596 2906 695 2965 videm
713 2905 763 2971 rgl.
816 2910 1061 2960 comportabatur:
1080 2909 1130 2961 Cic.
1142 2908 1211 2964 Phil.
1224 2915 1249 2976 6,
1261 2916 1284 2975 5,
1297 2913 1320 2960 15

252 2975 294 3039 tt,
312 2977 335 3026 5.
817 2977 865 3040 qui
874 2975 904 3026 t.
913 2976 1033 3026 Antonio
1045 2977 1118 3030 mille
1126 2991 1265 3030 nummum
1275 2977 1320 3039 fer

285 3041 508 3105 intestabilisque:
533 3053 563 3090 so
581 3038 659 3091 heitst
676 3039 701 3090 in
721 3039 765 3092 der
816 3046 858 3092 ret
873 3059 1030 3109 ,expeterem
1056 3045 1108 3096 und
1131 3047 1196 3098 nech
1214 3047 1320 3113 amplius

252 3112 314 3160 rdm.
339 3106 542 3171 Rechtsspreche
568 3105 625 3169 der,
655 3107 766 3160 welcher
816 3111 916 3174 (quom)
934 3113 985 3164 wie
1003 3113 1070 3177 hier,
1089 3114 1149 3166 aber
1166 3115 1201 3166 im
1220 3114 1320 3174 Nomio,

251 3172 594 3238 keinTestamentmachen,
607 3174 763 3228 euslseinem
815 3175 879 3244 Nep.
895 3177 977 3232 cate
989 3195 1050 3231 eum
1061 3181 1094 3232 de
1110 3183 1195 3246 iprr'us
1208 3185 1319 3234 exercitu
1351 3219 1352 3252 ,

251 3241 400 3294 Testament
425 3247 506 3294 etwas
533 3241 661 3305 erhalten‚
692 3244 763 3296 niclrt
814 3261 868 3296 non
886 3249 1001 3314 crupitur
1018 3251 1155 3300 hominum
1172 3251 1245 3302 mille
1263 3250 1320 3302 ceo'·
1351 3261 1352 3314 ζ

251 3309 496 3375 Testamentsreuge
518 3309 586 3374 sein,
613 3310 665 3362 und
689 3311 764 3364 iiber-
814 3314 903 3366 disset.
1351 3315 1352 3378 l

251 3379 331 3445 haupt
359 3378 419 3431 kein
445 3378 555 3444 Zeugnis
585 3393 632 3429 vor
658 3377 762 3432 Gericht
848 3382 924 3434 dum:
943 3397 974 3435 nu
993 3384 1047 3436 Get.
1067 3387 1090 3450 5,
1110 3387 1134 3438 6.

251 3445 359 3512 ablegen
377 3445 480 3498 dmtte..
503 3445 552 3498 lilit
567 3446 679 3500 solchem
697 3447 762 3500 insa·
849 3454 977 3503 ostentet:
996 3467 1027 3504 zu
1046 3455 1086 3516 66,
1106 3455 1129 3505 2.

251 3513 762 3569 mierendenRechtsrerlustkonntenur
847 3521 871 3568 1.
895 3522 924 3569 tn
946 3521 1048 3585 primo:
1071 3521 1130 3573 Abl.
1152 3527 1234 3574 neutc
1249 3545 1283 3568 ε·
1296 3522 1319 3568 in

251 3582 762 3648 einnotoriscirganzschlechterMensch
809 3587 1008 3652 prioreparte,
1029 3587 1081 3641 und
1105 3589 1132 3640 in
1156 3589 1253 3642 diesem
1270 3601 1321 3654 epe

251 3651 338 3716 belegt
363 3649 480 3717 werden,
506 3651 558 3703 und
584 3651 663 3705 daher
686 3651 763 3704 heiist
814 3653 905 3707 ciellen
923 3653 993 3707 Felle
1009 3677 1043 3700 ιι
1058 3659 1088 3707 in
1102 3660 1194 3722 priano
1212 3659 1320 3723 agmine.
1351 3659 1352 3718 ξ

251 3719 297 3770 das
316 3717 389 3770 Wort
411 3719 445 3770 im
464 3721 598 3786 gemeinen
618 3720 703 3773 Leben
721 3735 763 3772 so-
814 3720 872 3788 Vgl.
890 3722 944 3775 liv.
966 3727 1084 3790 10,11,6
1102 3741 1179 3778 armo
1196 3729 1319 3792 εἰςηαφω
1351 3727 1352 3730 ’

251 3787 302 3838 riel
320 3786 363 3858 als
375 3781 467 3854 ‘vollig
484 3782 585 3841 ehrlos’.
810 3805 862 3856 per
879 3791 1016 3843 &redddam
1028 3793 1111 3844 lucem
1128 3797 1159 3846 a'rr
1174 3797 1263 3862 primo
1280 3806 1321 3856 ap·

813 3861 1005 3924 parebant..-
1023 3860 1058 3913 So
1079 3864 1110 3912 e'o
1132 3863 1219 3914 medio
1236 3865 1276 3924 ts,
1292 3863 1318 3914 2:
1351 3863 1352 3866 ’

285 3923 332 3979 68.
346 3927 368 3978 1.
384 3927 534 3990 porculeta:
553 3924 645 3977 rorher
656 3938 711 3976 war
722 3924 763 3977 die
814 3929 844 3978 in
858 3931 995 3992 postremo
1012 3931 1055 3993 tt,
1065 3931 1088 3982 t.
