2738 4576
256 283 317 344 150
633 283 659 337 C.
678 281 834 336 snutusrt
852 281 956 336 causet

205 464 242 522 ts
256 468 434 542 exspectare.
465 459 622 540 Iugurtha,
637 458 690 521 ubi
705 458 813 520 Metelli
828 458 904 520 dicta
926 477 992 520 cum
1009 458 1092 520 factis
1107 459 1277 538 composuit
1297 476 1323 518 ac

257 565 288 609 se
299 547 360 608 suis
374 545 487 607 artibus
502 545 638 625 temptari
653 543 869 619 animadvortit,
885 545 996 624 quippe
1011 544 1059 606 cui
1070 543 1167 605 verbis
1182 562 1242 622 pax
1254 563 1322 604 nun·

256 628 393 706 tiabatur,
409 639 541 693 ceterum
557 649 589 691 re
604 629 714 691 bellum
725 647 929 709 asperrumum
941 637 1011 704 erat,
1027 630 1099 690 urbs
1111 645 1252 689 maxuma
1263 629 1323 690 alie·

257 726 333 792 nata,
349 735 419 796 ager
435 716 569 778 hostibus
587 716 731 794 cognitus,
750 715 840 777 animi
852 715 1041 794 popularium
1056 714 1199 794 temptati,
1214 723 1322 776 coactus

219 811 234 862 t
254 805 356 864 rerum
371 801 589 864 necessitudine
605 800 707 862 statuit
721 800 809 862 armis
825 807 949 861 certare.
986 801 1080 878 Igitur
1103 801 1257 880 explorato
1279 801 1321 859 bo·

256 888 344 950 stium
359 888 481 960 itinere,
498 887 528 946 in
544 904 627 964 spem
649 886 787 946 victoriae
802 881 946 946 adductus
961 903 996 946 ex
1018 885 1244 965 opportunitate
1267 883 1322 956 loci,

257 991 344 1052 qnam
360 989 511 1032 maxumas
526 979 624 1050 potest
638 971 738 1050 copias
754 970 886 1032 omnium
902 989 1046 1048 generum
1060 978 1143 1050 parat
1157 989 1192 1032 ac
1204 989 1263 1049 per
1273 979 1321 1031 tra·

255 1059 342 1119 mites
358 1055 489 1117 occultos
505 1056 667 1118 exercitum
686 1056 793 1117 Metelli
808 1057 967 1116 antevenit.

218 1152 233 1201 3
340 1141 412 1202 Erat
426 1141 457 1201 in
473 1160 506 1201 ea
520 1149 604 1221 parte
620 1141 781 1215 Numidiae,
797 1159 884 1220 quam
900 1140 1048 1202 Adherbal
1058 1140 1089 1200 in
1105 1139 1252 1202 divisione
1264 1157 1321 1220 pos·

255 1227 380 1299 sederat,
396 1227 506 1287 [lumen
522 1226 625 1287 oriens
642 1245 658 1286 a
673 1225 795 1288 meridie
811 1227 932 1287 nomine
955 1225 1086 1298 Muthul,
1109 1243 1125 1285 a
1148 1243 1208 1304 quo
1234 1225 1322 1286 aberat

254 1331 342 1373 mons
357 1313 450 1372 ferme
464 1311 543 1375 milia
562 1330 702 1390 passuum
717 1311 819 1391 viginti
840 1319 936 1372 tractu
951 1311 1023 1391 pari,
1046 1319 1143 1372 vastus
1166 1311 1204 1370 ab
1230 1320 1320 1372 natura

186 1460 190 1470 ,
256 1403 284 1457 et
298 1397 428 1457 humano
445 1397 541 1473 cultu;
556 1398 607 1458 sed
623 1416 659 1457 en
673 1415 708 1458 eo
724 1395 820 1457 medio
841 1397 925 1475 quasi
949 1396 1031 1457 collis
1054 1395 1207 1457 oriebatur
1232 1397 1264 1457 in
1285 1395 1320 1455 in·

101 1471 208 1546 ΜΨ
254 1500 391 1542 mensum
405 1482 594 1562 pertingens,
610 1482 731 1543 vestitus
746 1481 872 1542 oleastro
894 1499 928 1542 ac
943 1481 1079 1542 murtetis
1094 1480 1219 1559 aliisque
1244 1499 1321 1560 gene·

218 1575 233 1626 4
254 1566 336 1629 ribus
347 1567 497 1641 arborum,
512 1587 586 1646 quae
599 1567 681 1628 humi
693 1566 775 1627 arido
784 1574 872 1646 atque
884 1567 1031 1627 harenoso
1039 1566 1217 1644 gignuntur.
1242 1565 1321 1628 bledla

255 1661 354 1714 autem
369 1652 507 1732 planities
522 1654 636 1715 deserta
648 1652 773 1732 penuria
789 1670 882 1731 aquae
897 1659 1016 1731 praeter
1031 1651 1146 1712 flumini
1161 1652 1320 1733 propinqua

253 1738 333 1813 loca;
347 1757 381 1799 ea
391 1739 505 1800 consita
516 1738 645 1800 arbustis
656 1755 765 1818 pecore
776 1745 865 1815 atquc
878 1737 1043 1798 cultoribus
1055 1737 1319 1815 frequentabantur.

204 1821 241 1882 to
257 1823 350 1903 lgitur
365 1824 395 1885 in
412 1843 446 1884 eo
463 1825 548 1898 colle,
565 1843 653 1903 quem
667 1831 837 1884 transvorso
852 1822 959 1883 itinere
975 1829 1146 1901 porrectum
1165 1823 1319 1886 docuimus

225 1963 228 1970 .
255 1907 395 1987 Iugurtha
412 1916 567 1972 extenuata
583 1927 707 1970 snorum
722 1908 783 1969 acie
800 1907 950 1983 consedit;
966 1907 1129 1986 elephantis
1145 1915 1174 1967 et
1189 1908 1267 1988 parti
1281 1923 1319 1966 co·

253 1993 370 2073 piarum
392 1995 574 2073 pedestrium
597 1994 792 2054 bomilcarem
814 1991 957 2073 praefecit
979 2009 1107 2071 eumque
1130 1993 1237 2054 edocet
1259 2007 1319 2070 qnae

254 2086 354 2156 ageret
360 2097 368 2154 ;
385 2079 447 2158 ipse
463 2080 586 2158 propior
600 2085 732 2142 montem
749 2095 817 2138 cum
833 2077 915 2138 omni
931 2077 1063 2156 equitatu
1080 2087 1109 2138 et
1120 2078 1270 2158 peditibus
1280 2076 1319 2135 de·

217 2171 231 2221 2
253 2162 337 2224 lectis
353 2181 423 2224 suos
439 2164 584 2224 conlocat.
615 2162 689 2222 Dein
705 2162 835 2241 singulas
851 2170 964 2239 turmas
980 2170 1008 2223 et
1023 2163 1192 2242 manipulos
1204 2164 1318 2224 circum·

254 2247 318 2308 iens
334 2255 436 2307 monet
452 2255 539 2325 atque
555 2247 728 2320 obtestatur,
743 2247 787 2307 nti
803 2265 951 2308 memores
965 2247 1109 2327 pristinae
1120 2248 1237 2312 virtutis
1250 2245 1319 2308 etvi-

252 2331 363 2391 ctoriae
379 2349 443 2392 sese
458 2349 644 2410 regnumque
659 2349 746 2392 suum
758 2331 794 2393 ab
808 2331 1012 2392 Romanorum
1024 2333 1143 2394 avaritia
1154 2333 1318 2394 defendant:

252 2433 319 2476 cum
336 2415 377 2476 eis
392 2423 542 2478 certamen
558 2417 639 2490 fore,
663 2435 738 2496 quos
753 2425 840 2480 antea
858 2417 950 2480 victos
973 2417 1028 2479 sub
1051 2418 1155 2498 iugum
1176 2418 1319 2488 miserint;

285 2597 365 2655 4801.
378 2595 555 2653 alienatai‘in
569 2599 665 2654 fremde
678 2601 764 2656 lllnde
849 2604 1020 2668 pertingens:
1046 2616 1098 2654 von
1126 2602 1184 2654 dem
1216 2603 1320 2655 seltener

252 2661 422 2734 gelmmmen'.
458 2669 518 2723 llals
531 2684 558 2722 es
571 2669 626 2722 sich
639 2671 709 2722 nicht
721 2669 767 2723 aui
813 2673 978 2737 pertingere,
992 2669 1049 2722 dem
1063 2669 1141 2722 Sinna
1155 2671 1263 2722 nach=
1269 2683 1320 2736 per

251 2737 292 2789 die
305 2737 453 2806 Gesinnung
465 2738 576 2804 beziebt,
594 2739 662 2804 zeigt
681 2741 722 2804 66,
741 2742 764 2804 2,
817 2741 913 2799 tinem
932 2739 987 2790 hier
1003 2735 1080 2790 ‘nach
1098 2737 1156 2790 dem
1174 2739 1264 2791 l'lusse
1281 2729 1319 2797 nd,

251 2821 294 2858 wo
324 2805 379 2858 dies
415 2805 594 2859 ausdrdcldich
627 2807 765 2873 geleugnet
816 2807 871 2858 also
884 2806 918 2857 im
931 2805 1066 2873 Vergleich
1085 2807 1131 2859 mit
1146 2806 1192 2859 der
1204 2805 1320 2868 Richtung

251 2873 323 2926 wird.
703 2928 713 2939 ,
816 2873 861 2926 des
884 2873 1088 2942 llauptgebirges
1112 2879 1268 2926 tramoorso
1284 2871 1319 2923 ui·

286 2945 309 2995 3.
328 2946 356 2994 ιἰι
375 2942 516 2993 divisione:
540 2955 559 2992 s.
581 2943 619 3006 16,
638 2945 662 2994 5.
697 2939 766 2993 Uber
815 2957 886 3008 nere,
904 2946 946 3008 49,
966 2945 988 2996 l.

248 3011 403 3076 possederat
419 3007 539 3061 ebendas.
558 3008 599 3060 die
617 3008 690 3060 hum.
850 3011 929 3061 arido
950 3016 1032 3077 atqua
1049 3013 1193 3063 harenoso:
1217 3010 1275 3064 hbl.
1292 3008 1321 3059 in-

285 3077 403 3128 Mutlml:
429 3075 470 3127 die
492 3076 558 3142 lnge
580 3076 614 3128 ist
637 3075 764 3130 unsicher.
816 3081 905 3130 strum.
915 3094 966 3130 von
979 3078 1181 3131 substantivisch
1191 3075 1321 3146 gebrauch-

250 3143 340 3210 Einige
362 3142 546 3196 identificieren
568 3144 612 3195 ilm
636 3145 683 3197 mit
706 3144 762 3197 dem
816 3149 860 3197 ten
872 3145 988 3206 Neuhis:
1006 3145 1059 3212 vgl.
1078 3163 1110 3198 zu
1128 3147 1182 3200 Cat.
1197 3150 1237 3212 59,
1252 3140 1320 3200 lund

251 3211 421 3274 liubi-icatur,
431 3212 498 3276 jetzt
508 3211 646 3273 Seibouse;
659 3212 763 3279 lliepert
814 3211 866 3280 lug.
880 3215 921 3278 21,
931 3217 954 3266 2.
979 3213 1028 3266 Der
1037 3214 1098 3268 Gen.
1112 3217 1188 3266 humi
1199 3216 1232 3267 ist
1245 3215 1320 3268 daven

251 3280 298 3331 mit
316 3278 373 3332 dem
386 3280 483 3331 unveit
496 3279 541 3332 des
560 3279 614 3348 llap
627 3280 674 3333 Fer
691 3285 763 3333 mun·
814 3281 950 3351 abhdugig.

251 3347 353 3400 denden
371 3346 468 3400 Flusse.
848 3348 894 3404 49.
909 3354 931 3405 1.
944 3349 1134 3403 Bomilcarem:
1149 3353 1190 3416 35,
1200 3354 1217 3405 4
1229 3355 1277 3404 etc.
1289 3362 1321 3400 er·

285 3409 762 3483 haetopari:‘mildeml'lulsgleich-
818 3418 913 3470 whhnt.

251 3478 372 3538 laniend’.
402 3483 519 3538 Gemeint
530 3485 565 3537 ist
576 3485 707 3538 vielleicht
719 3484 765 3539 das
852 3485 1320 3540 curmverbindetdienichstenworte

251 3551 360 3618 Gebirge
378 3550 513 3606 Thambes.
816 3567 864 3606 nur
885 3553 931 3605 mit
948 3555 1015 3619 ipse3
1039 3555 1092 3622 vgl.
1115 3571 1146 3607 zu
1165 3558 1207 3621 46,
1227 3559 1249 3606 l.
1282 3550 1319 3604 bie

285 3622 316 3671 ab
335 3625 447 3673 natura:
466 3623 499 3672 ab
515 3615 577 3674 ‘von
594 3615 700 3676 Seiten'.
816 3620 1051 3690 Ortsbezeicbnung
1078 3623 1114 3675 ist
1140 3622 1182 3675 bei
1209 3620 1321 3674 conlocat

285 3691 417 3755 quasiz=
429 3688 521 3754 ferma
538 3690 669 3742 remedio
687 3690 765 3759 geho-
815 3690 882 3742 noch
900 3690 993 3742 einmal
1010 3707 1042 3742 zu
1068 3689 1168 3743 denken
1186 3691 1238 3744 und
1255 3691 1320 3743 unler

250 3755 299 3822 rig;
319 3756 413 3810 ebenso
432 3760 473 3823 50,
491 3761 515 3811 3.
815 3773 878 3810 suos
889 3757 945 3810 sind
962 3759 1026 3811 eben
1040 3758 1081 3811 die
1092 3758 1180 3812 Reiter
1192 3759 1244 3812 uud
1257 3753 1319 3810 Fuls-

284 3827 446 3877 inmensum:
465 3841 516 3877 ron
534 3825 604 3880 einer
619 3825 763 3894 uberhaupt
815 3825 944 3892 soldaten,
962 3826 1004 3879 die
1022 3841 1050 3878 er
1067 3827 1109 3879 bei
1126 3827 1182 3880 sich
1199 3828 1276 3890 balle,
1292 3837 1318 3874 zv

136 3938 139 3944 .
250 3892 352 3960 grossen
376 3892 551 3962 Ausdehnnng
580 3899 683 3964 gesagt,
712 3896 762 3948 vie
815 3895 958 3948 verstehen.

250 3963 291 4028 92,
310 3965 333 4015 5.
849 3964 873 4017 2.
892 3967 1074 4016 tunbercto:
1092 3978 1124 4017 zu
1139 3965 1197 4017 ¹(lul.
1215 3965 1255 4029 53,
1272 3962 1294 4013 3.
