2766 4568
436 849 488 910 EX
511 849 695 911 sltuusrl
718 847 841 910 CRISPI
864 845 1126 908 ursroulauuu

676 979 770 1034 LIBRO
789 979 889 1034 PBllllO

346 1098 585 1198 ORATIO
616 1099 662 1200 L.
693 1097 900 1198 nabor
930 1097 1229 1208 PHILIPPI

671 1272 712 1334 IN
734 1271 894 1334 SENATU.

461 1487 462 1492 Ἰ
486 1403 560 1465 (illst.
572 1403 661 1471 fragm.
677 1409 699 1470 1,
713 1407 744 1458 51
759 1408 801 1471 (56
814 1403 840 1459 k.
852 1403 893 1469 A.)
905 1402 947 1455 Kr.
963 1405 985 1468 1,
997 1406 1030 1457 48
1042 1403 1082 1467 b.)

333 1540 468 1602 Maxume
483 1541 601 1616 vellem,
618 1551 716 1622 patres
730 1541 911 1620 conscripti,
933 1560 997 1602 rem
1019 1541 1171 1620 publicam
1194 1545 1325 1622 quietam

247 1644 311 1688 esse
332 1635 382 1688 aut
399 1627 430 1687 in
445 1628 586 1705 periculis
608 1647 624 1688 a
644 1629 876 1708 promptissumo
892 1645 1011 1706 quoque
1034 1627 1170 1702 delendi,
1194 1631 1325 1709 denique

247 1729 334 1790 prava
349 1711 467 1791 incepta
483 1713 704 1774 consultoribus
718 1731 813 1774 noxae
829 1731 902 1774 esse.
932 1711 990 1772 Sed
1006 1720 1111 1772 contra
1125 1712 1324 1776 seditionibus

247 1796 345 1856 omnia
359 1796 477 1858 turbata
493 1806 572 1870 sunt,
589 1807 617 1858 et
631 1797 667 1858 ab
683 1799 734 1872 eis,
750 1817 826 1877 quos
837 1796 997 1877 prohibere
1008 1797 1101 1875 magis
1111 1797 1258 1875 decebat;
1273 1819 1324 1878 po·

247 1889 372 1956 stremo,
396 1899 471 1960 quae
486 1883 615 1960 pessumi
631 1891 660 1944 et
675 1882 850 1945 stultissumi
873 1881 1046 1956 decrevere,
1069 1901 1102 1943 ea
1123 1881 1215 1944 bonis
1235 1893 1266 1945 et
1280 1903 1323 1946 sa-

209 1975 225 2026 2
246 1966 397 2045 pientibus
418 1967 556 2030 faciunda
574 1976 653 2029 sunt.
690 1969 762 2028 Nam
784 1967 894 2028 bellum
916 1976 1004 2045 atque
1024 1985 1120 2041 arma,
1141 1985 1324 2048 quamquam

245 2050 330 2112 vobis
346 2052 456 2125 invisa,
478 2059 593 2127 tamen,
615 2053 683 2131 quia
706 2052 820 2132 Lepido
841 2051 974 2132 placent,
995 2053 1141 2112 sumunda
1162 2063 1254 2114 sunt:
1270 2054 1323 2115 nisi

209 2143 225 2193 3
247 2136 324 2198 forte
347 2137 394 2198 cui
416 2154 518 2217 pacem
534 2145 683 2216 praestare
706 2146 735 2198 et
754 2137 864 2199 bellum
879 2137 939 2216 pati
961 2135 1118 2198 consilium
1134 2145 1188 2198 est.
1220 2139 1324 2200 Prodi

247 2219 329 2294 boni,
341 2222 393 2299 qui
407 2221 485 2280 hanc
500 2220 604 2282 urbem
627 2221 732 2283 amissa
753 2223 836 2284 curia
857 2221 952 2282 adbuc
971 2221 1086 2284 tenitisl
1116 2221 1153 2282 hl.
1169 2221 1323 2294 Aemilius,

246 2305 380 2365 omnium
396 2305 609 2382 flagitiosorum
624 2314 808 2386 postremus,
832 2307 883 2386 qui
898 2307 982 2386 peior
996 2325 1033 2367 an
1050 2306 1184 2384 ignavior
1199 2308 1240 2368 sit
1251 2308 1325 2370 deli-

246 2388 345 2449 berari
361 2407 422 2450 non
438 2397 553 2469 potest,
570 2391 730 2453 exercitum
746 2391 962 2472 opprimundae
982 2389 1125 2453 libertatis
1140 2392 1232 2452 habet
1248 2403 1277 2454 et
1293 2411 1324 2456 se

281 2539 303 2590 1.
320 2554 406 2605 prava
423 2542 530 2607 incepto
546 2545 608 2594 etc:
626 2539 707 2594 Varro
725 2540 757 2594 de
809 2545 952 2603 crretcors,
972 2557 1031 2592 cum
1048 2541 1093 2592 ille
1105 2542 1236 2606 (Per-ocur)
1250 2546 1325 2594 nodis

244 2622 263 2658 1.
280 2620 300 2658 1.
319 2609 342 2671 3,
361 2609 376 2659 2
395 2608 511 2660 erwihot
528 2609 566 2661 als
584 2609 757 2678 51115511πό11-
808 2609 904 2660 dedum
923 2613 1050 2676 pararet,
1078 2626 1129 2674 vor
1153 2613 1178 2660 aa·
1198 2627 1324 2662 occuram

243 2674 296 2726 lich
318 2674 366 2728 den
389 2674 467 2730 Vers:
494 2678 594 2729 multem
616 2678 756 2730 conditum
803 2679 1323 2744 paccmproartorctia:quomquammr'·

243 2744 393 2796 consultori
410 2749 449 2796 ert
461 2749 615 2811 pessimum.
808 2747 836 2796 bi
853 2746 958 2811 quidam
975 2761 1029 2796 non
1043 2761 1146 2812 parare
1162 2747 1210 2796 sad
1223 2762 1325 2812 gorm

276 2813 324 2864 aad
340 2817 436 2865 eontra
455 2819 517 2866 etc:
539 2813 689 2880 Anaphora;
714 2811 755 2865 die
804 2829 889 2880 paene
905 2813 1001 2865 bellum
1018 2815 1167 2866 uidebatur.

243 2879 756 2948 solg.dreiGedanlrenentsprechenein·
841 2883 864 2934 3.
886 2885 984 2934 amissa
1006 2884 1097 2934 ouria:
1119 2882 1164 2934 der
1180 2880 1242 2932 hcl.
1268 2883 1324 2935 abs.

242 2948 300 3000 zeln
318 2947 401 3000 denen
419 2947 464 3000 der
480 2949 587 3014 rotigen
605 2947 721 3003 Periode.
805 2948 862 3003 bez.
874 2949 920 3002 aui
928 2951 1031 3008 orbern:
1045 2949 1090 3002 der
1102 2948 1164 3001 Sinn
1175 2943 1226 3002 ‘die
1238 2948 1324 3014 Stadt,

278 3020 305 3066 et
321 3018 354 3067 ab
372 3018 422 3067 eir:
441 3031 472 3067 un
488 3015 542 3081 lug.
556 3018 596 3078 85,
610 3018 634 3067 3.
646 3045 680 3054 -
691 3015 754 3068 Zum
806 3016 905 3069 welche
921 3017 997 3070 keine
1015 3016 1106 3081 1111115,
1128 3018 1221 3070 keinen
1242 3017 1323 3072 Sonat

243 3082 382 3135 Gedanken
399 3081 451 3148 vgl.
469 3082 520 3134 (lic.
539 3098 562 3148 p.
582 3081 648 3135 Sest.
663 3086 702 3149 19,
721 3088 754 3137 42
805 3084 876 3137 mehr
893 3079 954 3140 hat.‘
990 3084 1048 3153 Vgl.
1065 3086 1117 3140 (lic.
1134 3103 1159 3153 p.
1177 3085 1270 3140 Plano.
1290 3091 1319 3139 ‘ll

242 3164 302 3201 eum
313 3151 616 3214 uiderent...aenatum‚
633 3155 691 3203 aina
703 3168 755 3218 quo
805 3156 873 3204 vicia
891 3155 932 3204 bia
949 3157 1038 3205 stante
1054 3155 1120 3205 urbe
1138 3159 1165 3204 ot
1181 3157 1263 3205 curia
1282 3173 1322 3206 re·

243 3219 339 3269 ciuitas
354 3222 427 3268 erare
443 3231 498 3268 uon
518 3223 620 3283 posset,
645 3222 754 3272 omnino
805 3222 926 3272 diturum
942 3237 984 3272 mc
1001 3221 1053 3273 und
1071 3221 1112 3274 die
1129 3237 1161 3274 uu
1179 3221 1196 3289 ἦ
1211 3226 1222 3274 1
1242 3238 1323 3290 unge

242 3285 275 3336 dc
292 3286 401 3337 cioimto
418 3301 472 3336 orso
492 3286 639 3352 miletum,
663 3303 756 3338 5551555-
806 3288 890 3340 ldhrte
909 3287 989 3341 Stelle
1008 3305 1053 3342 aus
1071 3307 1096 3357 p.
1116 3288 1182 3342 Sest.

242 3353 286 3418 lar,
304 3355 351 3419 qut
368 3354 448 3405 ducos
482 3355 565 3406 udlr'oa'
582 3356 689 3406 concilii
701 3371 755 3406 osae
834 3361 996 3422 postremus:
1011 3372 1071 3409 vom
1088 3356 1218 3410 sittlichen
1230 3357 1323 3411 Werle

242 3420 377 3484 dederent,
397 3369 554 3488 perlicere,
570 3427 603 3474 ut
613 3439 667 3490 per·
683 3425 755 3489 ipsos
804 3430 904 3491 gesagt,
922 3425 973 3477 wie
989 3424 1036 3492 Ep.
1054 3425 1138 3478 Mitbr.
1158 3428 1198 3478 12.

260 3487 376 3539 oblicum
400 3491 540 3542 confilium
560 3489 687 3552 funditus
705 3491 754 3542 tol·
838 3493 993 3545 deliberari:
1022 3491 1084 3545 Sall.
1106 3494 1151 3545 hat
1174 3494 1220 3545 das
1244 3493 1321 3546 Wort

240 3504 354 3618 ior-etun
363 3557 416 3609 und
424 3557 544 3611 ebendas.
556 3560 643 3624 15,35,
654 3557 753 3611 welche
804 3575 853 3611 nur
864 3559 934 3621 hier;
948 3560 988 3612 die
998 3559 1161 3628 Bedenlung:
1173 3555 1320 3628 ε1111553511

241 3622 322 3676 Stelle
338 3629 418 3677 unten
435 3641 467 3678 zu
480 3627 495 3691 ξ
510 3629 540 3678 15
558 3625 695 3693 angeldhrl
711 3626 752 3679 ist.
804 3626 829 3679 d.
850 3627 866 3678 i.
897 3623 977 3680 ‘nach
1004 3629 1164 3696 vorherigem
1191 3627 1320 3696 Erwhgen

269 3697 420 3760 postrcrno:
439 3709 470 3745 zu
489 3693 542 3746 Cat
561 3697 603 3758 51,
621 3696 662 3747 33.
804 3689 988 3761 entscheiden’,
1000 3697 1051 3747 wie
1063 3697 1182 3750 siesonst
1194 3699 1322 3762 genoba-

274 3763 298 3814 1.
318 3776 414 3828 paoem
440 3765 592 3828 praestare:
623 3762 676 3829 vgl
697 3761 751 3815 Lir.
803 3762 856 3814 lich
873 3779 920 3814 nur
943 3763 993 3815 den
1012 3763 1159 3817 Praeteritis
1182 3765 1319 3818 desselben

239 3831 281 3894 11,
294 3831 335 3895 23,
348 3833 362 3881 5
376 3829 412 3895 (in
424 3827 468 3881 der
480 3828 550 3881 Rede
567 3829 612 3882 des
624 3829 752 3884 Eumenes
804 3832 878 3898 eigen
897 3830 938 3884 ist.

238 3911 271 3950 an
281 3896 330 3950 den
338 3897 439 3963 Senatr:
449 3898 577 3966 cimbam,
587 3902 753 3966 quomiupor·
839 3899 1033 3966 opprimundae
1041 3899 1139 3958 libent:
1152 3915 1183 3950 zu
1194 3899 1248 3952 Cat.
1260 3903 1286 3964 6,
1296 3903 1320 3952 l.
