2766 4568
317 290 360 343 ns
378 290 482 345 BELLO
500 289 653 346 tucuurlt.
688 292 715 345 C.
736 295 877 348 tta-tot.
1073 286 1136 350 213

54 475 86 526 et
102 465 255 546 praesidio
269 464 402 526 missum.
431 463 544 526 Deinde
559 481 627 526 eum
644 474 673 526 et
686 479 864 544 proxumum
879 465 957 526 diem
975 465 1040 528 sinc
1056 473 1137 528 metu

54 550 216 612 coniuncti
228 558 309 611 eunt.
335 549 414 625 Post,
426 549 478 611 ubi
489 558 584 612 castra
595 551 691 612 locata
702 559 731 611 et
742 549 799 612 diei
809 567 914 630 vesper
924 560 997 625 crat,
1013 560 1138 631 repente
1154 558 1169 609 2

54 636 183 697 Maurus
198 635 314 697 incerto
329 635 409 696 voltu
425 653 536 717 parens
551 635 587 696 ad
603 634 714 698 Sullam
728 635 856 697 accurrit
870 634 999 715 dicitque
1022 636 1079 698 sibi
1101 655 1137 698 ex

54 719 299 801 speculatoribus
314 721 466 800 cognitum
482 719 655 802 Iugurtham
674 720 753 781 haud
774 719 879 801 procul
900 719 1019 797 abesse;
1040 721 1137 798 simul,

54 807 102 868 uti
115 814 209 867 noctu
225 806 300 867 clam
311 823 413 867 secum
424 806 606 888 profugeret,
618 814 702 886 rogat
712 805 953 885 atquchortatur.
975 806 1136 868 lllcanimo
1153 815 1168 864 a

55 891 156 953 feroci
171 898 260 972 negat
273 909 305 952 se
317 891 425 952 totiens
437 892 535 952 lusum
546 891 700 954 Numidam
713 891 938 970 pertimescere:
954 891 1054 953 virtuti
1066 910 1137 954 suo·

55 993 128 1040 rum
144 976 214 1038 satis
228 977 364 1054 credere;
380 976 493 1038 etiamsi
508 985 589 1038 certa
599 976 691 1057 pestis
702 976 826 1051 adesset,
842 993 1016 1039 mansurum
1027 977 1136 1057 potius,

56 1081 160 1143 quam,
175 1061 300 1142 proditis
314 1080 390 1140 quos
405 1061 541 1138 ducebat,
556 1061 637 1142 turpi
650 1062 721 1140 iuga
735 1061 867 1123 incertae
881 1079 915 1122 ac
930 1060 1052 1124 forsitan
1068 1071 1137 1142 post

55 1147 150 1228 paulo
164 1147 271 1208 morbo
286 1147 462 1210 interiturae
476 1147 552 1208 vitae
565 1155 712 1227 parceret.
742 1146 880 1209 Ceterum
895 1146 932 1207 ab
952 1147 1055 1209 eodem
1071 1165 1136 1209 mo·
1153 1154 1168 1205 t

56 1233 152 1309 nitus,
168 1232 212 1293 uti
227 1239 319 1294 noctu
337 1233 616 1313 proficiscerentur,
639 1232 796 1294 consilium
818 1231 962 1312 adprobat
983 1251 1016 1294 ac
1039 1233 1136 1294 statim

55 1319 170 1380 milites
193 1325 314 1379 cenatos
336 1335 401 1381 esse
424 1318 454 1380 in
477 1317 598 1392 castris,
621 1317 700 1398 ignis
722 1333 810 1397 quam
833 1317 1040 1380 creberrumos
1063 1318 1136 1393 fleri,

56 1405 128 1465 dein
146 1403 240 1484 prima
254 1401 350 1483 vigilia
364 1403 482 1467 silentio
498 1403 598 1483 egredi
612 1402 703 1464 iubet.
733 1402 854 1482 lamque
866 1412 1014 1465 nocturno
1030 1404 1137 1465 itinere
1153 1411 1169 1462 5

55 1489 147 1551 fessis
168 1487 307 1549 omnibus
328 1488 407 1550 Sulla
427 1487 540 1568 pariter
559 1505 628 1549 cum
654 1496 722 1564 ortu
736 1487 818 1549 solis
843 1496 938 1550 castra
963 1487 1137 1562 metabatur,

56 1593 129 1635 cum
145 1573 260 1652 equites
273 1573 367 1634 Mauri
382 1573 522 1634 nuntiant
536 1573 708 1654 Iugurtham
723 1573 842 1634 circiter
855 1573 947 1635 duum
961 1573 1074 1635 milium
1090 1574 1137 1634 in-

55 1657 182 1720 tervallo
198 1666 266 1720 ante
280 1675 332 1719 eos
348 1657 526 1720 consedisse.
555 1658 642 1730 Quod
657 1667 814 1738 postquam
837 1657 969 1719 auditum
991 1666 1049 1733 est,
1072 1666 1135 1719 tum
1153 1666 1169 1716 tt

55 1763 130 1805 vero
146 1744 253 1823 ingens
268 1751 364 1805 metus
380 1751 498 1805 nostros
513 1741 638 1804 invadit:
660 1743 782 1804 credere
796 1759 829 1804 se
842 1743 976 1824 proditos
991 1759 1006 1803 a
1028 1742 1137 1804 Voluce

56 1839 89 1891 et
104 1828 219 1891 insidiis
233 1828 461 1890 circumventos.
492 1828 632 1890 doluere
648 1828 699 1907 qui
716 1827 850 1889 dicerent
871 1846 962 1889 manu
983 1827 1137 1889 vindican-

56 1915 130 1975 dum
148 1931 246 1993 neque
261 1914 341 1995 apud
354 1913 438 1975 illum
451 1919 568 1975 tantum
583 1913 680 1974 scelus
691 1913 818 1974 inultum
831 1913 1069 1993 relinquendum.
1100 1913 1138 1973 tt
1153 1914 1206 1971 1or

57 2000 151 2074 Sulla,
168 2016 346 2078 quamquam
362 1999 464 2061 eadem
480 1997 688 2073 existumabat,
711 2005 810 2059 tamen
826 1997 863 2058 ab
878 1997 986 2059 iniuria
1001 1997 1137 2076 Maurum

57 2084 214 2166 prohibct;
230 2103 301 2146 suos
309 2085 454 2160 hortatur,
465 2083 509 2145 uti
520 2085 627 2146 sortem
638 2083 770 2145 animanti
781 2089 935 2163 gererent:
951 2101 1040 2162 saepo
1051 2089 1138 2144 antea

57 2170 163 2251 paucis
178 2170 308 2232 strenuis
319 2171 475 2231 advorsum
490 2169 708 2232 multitudinem
724 2169 801 2230 bene
822 2176 1003 2249 pugnatum
1026 2174 1137 2247 quanto

57 2255 116 2318 sibi
127 2255 159 2316 in
171 2254 284 2336 proelio
296 2255 394 2317 minus
404 2255 617 2336 pepercissent,
633 2261 717 2316 tanto
731 2254 856 2317 tutiores
873 2255 944 2328 lore,
961 2271 1017 2315 nec
1033 2270 1137 2334 quem-

58 2354 151 2420 quam
165 2341 281 2415 decere,
296 2340 347 2419 qui
362 2358 469 2402 manns
485 2339 649 2413 armaverit,
665 2339 702 2400 ab
717 2340 839 2401 inermis
857 2339 982 2420 pedibus
997 2338 1138 2400 auxilium

58 2434 173 2507 petere,
189 2424 220 2486 in
235 2443 373 2486 maxumo
388 2433 468 2487 metu
485 2426 598 2487 nudum
614 2432 643 2486 et
657 2437 778 2486 caecum
792 2443 903 2503 corpus
917 2427 952 2486 ad
965 2424 1059 2485 hostis
1069 2441 1137 2484 vor·

95 2611 120 2662 2.
139 2609 188 2659 ubi
200 2611 288 2660 carbo
301 2608 390 2660 locata
403 2612 430 2660 et
442 2648 448 2660 .
462 2647 468 2660 .
482 2648 488 2660 .
502 2611 573 2660 erat:
626 2605 705 2658 daber
728 2604 773 2658 der
790 2621 871 2672 garze
889 2605 1025 2658 Ansdruck
1047 2606 1139 2659 andere

61 2691 157 2743 wegen
174 2675 220 2729 des
236 2675 337 2744 Imperi.
356 2691 387 2728 zu
406 2675 460 2728 Cat.
479 2677 503 2740 6,
522 2677 546 2728 3.
626 2673 791 2727 aulroiassen
808 2674 846 2725 als
859 2687 881 2725 z.
900 2671 929 2726 B.
942 2677 983 2738 45,
997 2676 1012 2726 3
1027 2676 1109 2740 prot.
1121 2691 1139 2724 a

95 2749 120 2798 3.
138 2747 244 2796 etiarnsi
256 2752 318 2798 etc:
332 2742 417 2796 dirckt
429 2743 518 2795 wbrde
531 2743 576 2796 der
626 2742 740 2794 dedatis.

59 2814 123 2867 Sata
147 2812 249 2865 lauteri:
274 2815 380 2865 edomet
401 2816 474 2864 certa
491 2815 577 2878 pertis
655 2812 753 2876 paean
774 2813 839 2862 etc:
865 2807 1057 2861 nntcrseheidet
1082 2808 1138 2860 sich

59 2883 576 2948 adsitmanebopottue,quarn...ottaa
625 2893 678 2930 ron
700 2891 804 2945 paucos
831 2881 955 2929 strenuos
981 2877 1039 2928 cdv.
1062 2877 1138 2928 malt.

54 2963 179 3018 parcam.
626 2948 692 2998 tenc
705 2959 841 3014 pugnasse
857 2945 982 3011 dadurclr,
1006 2944 1061 2998 dats
1082 2944 1138 2996 lricr

94 3021 119 3070 t.
138 3021 231 3069 nocte:
250 3015 304 3069 also
317 3016 389 3070 nicbt
409 3019 514 3069 erstem
527 3016 575 3068 sol·
626 3014 667 3067 die
679 3012 824 3067 'lbatsncbe
841 3013 923 3066 selbst
934 3013 986 3066 und
999 3015 1038 3066 ihr
1049 3012 1140 3079 llrlolg'

60 3085 163 3154 genden
182 3084 297 3152 blorgen.
626 3083 667 3134 tir
683 3082 724 3135 die
736 3081 912 3150 Kimptenden
924 3081 963 3133 als
975 3081 1029 3134 lieu
1074 3081 1138 3133 acite

95 3159 119 3208 5.
133 3157 195 3204 unte
207 3170 262 3205 eos:
276 3153 332 3206 dies
343 3153 437 3205 musste
451 3152 500 3205 den
512 3151 575 3204 Ver·
625 3165 683 3203 zum
703 3149 813 3216 Subjelrt
834 3150 953 3218 gemacht
971 3151 1019 3201 wir
1041 3169 1047 3211 ;
1071 3148 1138 3201 doch

60 3222 140 3274 dacht
157 3235 241 3287 gegen
258 3220 343 3274 Volux
361 3218 520 3288 verstdrlren,
538 3222 576 3272 in·
625 3219 660 3270 ist
683 3217 743 3285 das,
767 3234 822 3271 was
848 3219 893 3271 der
915 3217 1060 3271 aktivisebe
1078 3216 1138 3269 Sntn

59 3289 120 3342 dem
138 3303 166 3342 cs
184 3303 214 3341 so
233 3289 334 3354 aussab,
354 3290 392 3342 als
408 3289 475 3342 habe
494 3304 521 3341 er
533 3289 575 3341 die
627 3289 692 3354 sugt,
704 3301 756 3339 von
769 3287 852 3340 selbet
862 3285 915 3339 und
928 3285 1079 3339 wesentllcb
1091 3286 1139 3337 mit

58 3357 156 3410 Romer
177 3355 235 3409 dem
251 3357 304 3424 lug.
330 3357 423 3423 genade
447 3361 575 3424 entgegen
627 3354 699 3407 dorin
717 3353 857 3408 entbalten.
879 3353 1010 3407 ·Gleicbes
1027 3355 1075 3421 gilt
1087 3367 1138 3406 von

60 3425 175 3494 geidhrt.
626 3422 685 3475 dem
707 3420 827 3488 hiufigen
851 3422 926 3486 taucb
944 3421 1000 3474 bier
1017 3427 1032 3488 ᾗ
1052 3424 1077 3486 3)
1095 3438 1137 3474 co·

60 3497 121 3616 Getl.
128 3492 316 3614 nqpcddtrltrqp:
330 3492 446 3610 batlpqan
458 3492 509 3612 mill
516 3491 574 3611 depr
623 3493 739 3574 guttum,
752 3495 915 3557 compertum
928 3489 1035 3556 aliquid
1042 3495 1082 3542 ert
1089 3490 1139 3542 alt-

100 3575 127 3614 sa
168 3576 214 3614 aus
245 3575 277 3613 uc
323 3577 373 3612 eno
415 3575 441 3610 m
467 3577 515 3613 ro.
557 3577 574 3613 u
626 3575 679 3611 cua.

59 3629 215 3695 verbinden,
235 3629 308 3681 nicht
324 3629 371 3680 mit
388 3628 575 3695 reliquendum
659 3631 762 3694 quanto
784 3630 846 3678 etc:
867 3626 947 3693 vergi.
972 3627 1025 3679 Cat.
1044 3627 1085 3692 58,
1106 3628 1137 3678 16

60 3697 155 3752 allein:
173 3691 210 3750 ‘es
228 3698 301 3750 ddrle
319 3712 352 3750 an
369 3696 422 3749 ibm
441 3697 511 3749 nicht
528 3711 575 3748 un·
625 3695 678 3747 und
699 3698 737 3748 Π.

60 3765 170 3834 gectratt
188 3758 305 3818 bleiben.’
343 3765 418 3832 apud
429 3763 494 3816 wird
506 3763 574 3816 dann
658 3777 755 3814 maner
772 3765 930 3814 amaverit:
948 3762 982 3813 ist
994 3761 1049 3814 bier
1061 3761 1138 3814 nach-

60 3834 114 3887 und
133 3849 208 3885 wann
231 3835 384 3900 gebraucht,
407 3847 450 3883 wo
469 3847 527 3886 man
545 3835 574 3884 tn
626 3829 803 3884 drucksvoller
819 3829 872 3882 und
895 3828 1076 3883 absicbtlicber
1093 3841 1138 3894 ge·

61 3905 210 3964 erwartcte3
228 3901 280 3968 vgl.
299 3905 340 3966 nt,
360 3904 400 3954 to.
626 3899 742 3963 braucht,
760 3899 798 3950 als
817 3898 858 3952 0r.
876 3897 943 3950 Phil.
962 3900 1001 3950 to.

94 3967 574 4038 militatur-ia:inpassivemSinne;
658 3968 761 4018 nudum
779 3971 805 4017 et
823 3981 930 4019 caccum
947 3981 1055 4033 corpur:
1077 3959 1137 4018 ‘den
