2738 4576
335 289 377 341 DN
394 289 497 344 BELLO
514 289 666 344 ruuuarfl.
702 291 728 344 G.
747 293 855 344 'tt-tt.
1071 287 1131 350 175

44 472 187 543 rogatus,
205 483 293 543 quem
308 465 395 528 vellet
410 484 478 526 cum
493 465 636 546 Iugurtha
647 464 757 526 bellum
772 482 891 542 gerere,
914 467 1057 544 frequens
1071 465 1132 526 Ma·

45 551 133 612 rium
157 550 251 612 iussit.
283 549 341 611 Sed
361 551 450 630 paulo
466 595 1131 614 ............................

44 635 241 696 decreverat:
258 653 291 696 aa
306 653 354 696 res
370 637 478 697 frustra
493 636 556 697 luit.
1150 639 1184 695 74

140 720 252 781 Eodem
267 730 401 800 tempore
413 721 553 801 lugurtha
568 721 682 784 amissis
697 721 806 794 amicis,
823 739 950 800 quorum
973 721 1131 801 plerosque

45 807 116 884 ipse
134 815 307 876 necaverat,
323 806 415 867 ceteri
429 807 587 868 formidine
602 825 672 886 pars
687 807 721 867 ad
744 804 894 867 Romanos
908 805 956 867 alii
979 807 1014 866 ad
1030 823 1131 884 regem

46 891 207 952 Bocchum
228 891 434 971 profugerant,
461 909 528 952 cum
550 911 648 971 neque
669 891 779 952 hellum
795 891 857 970 geri
873 892 936 952 sine
953 891 1132 953 administris

46 984 156 1055 posset
170 984 200 1036 et
217 994 362 1037 novorum
381 977 468 1038 fidem
484 976 512 1036 in
533 985 613 1038 tanta
628 976 749 1057 perfidia
764 986 895 1038 veterum
909 977 1036 1056 experiri
1051 975 1131 1055 peri·

47 1061 190 1122 culusum
208 1060 338 1134 duceret,
357 1061 453 1124 varius
472 1061 664 1142 incertusque
681 1061 815 1140 agitabat.
846 1061 1004 1140 Nequeilli
1015 1081 1063 1126 res
1079 1080 1130 1122 ne·

48 1165 111 1225 que
135 1146 293 1208 consilium
319 1155 369 1207 aut
396 1147 552 1226 quisquam
575 1148 729 1208 hominum
755 1147 825 1210 satis
846 1147 997 1227 placebat;
1026 1147 1131 1208 itinera

46 1232 281 1310 praefectosque
302 1232 333 1292 in
355 1232 417 1294 dies
432 1241 563 1305 mutare,
585 1234 674 1294 modo
690 1232 843 1294 advorsum
857 1232 965 1305 hostis,
983 1233 1131 1293 interdum

48 1317 81 1377 in
98 1316 276 1378 solitudines
287 1334 428 1397 pergere,
444 1335 532 1397 saepe
545 1318 575 1378 in
589 1320 659 1398 iuga
672 1337 704 1380 ac
717 1327 784 1396 post
796 1318 884 1396 paulo
903 1317 933 1378 in
948 1319 1037 1380 armis
1048 1334 1131 1396 spem

49 1400 174 1474 habere,
187 1401 338 1474 dubitare,
353 1402 453 1464 virtuti
464 1421 501 1464 au
516 1403 584 1480 fidei
595 1403 782 1484 popularium
799 1403 899 1463 minus
917 1404 1066 1464 crederet:
1083 1402 1130 1476 ita,

49 1505 245 1566 quocumque
261 1487 443 1560 intenderat,
466 1507 514 1550 res
529 1488 668 1550 advorsae
684 1497 777 1548 erant.
804 1487 860 1548 Sed
877 1488 1019 1550 inter-eas
1034 1505 1131 1548 moras
1152 1493 1166 1543 2

49 1580 179 1652 repente
195 1589 260 1633 sese
273 1572 407 1634 Metellus
422 1591 489 1634 cum
512 1574 644 1636 exercitu
656 1572 799 1647 ostendit;
814 1572 956 1632 Numidae
971 1572 1008 1633 ah
1024 1573 1130 1652 lugur-

49 1659 102 1718 tha
111 1664 310 1736 protempore
320 1657 631 1736 paratiinstructique3
646 1657 714 1719 dein
727 1658 872 1736 proelium
884 1657 1034 1736 incipitur.
1065 1657 1130 1728 Qua

50 1743 83 1803 in
102 1750 186 1822 parte
202 1759 254 1802 rex
274 1761 390 1822 pugnae
411 1742 518 1816 adfuit,
540 1742 580 1808 ihi
595 1742 770 1821 aliquamdiu
788 1751 947 1817 certatum3
963 1741 1051 1804 ceteri
1067 1742 1130 1804 eius
1151 1749 1166 1799 a

50 1846 159 1888 omnes
178 1827 285 1888 milites
299 1828 396 1907 primo
412 1845 575 1906 congressu
596 1828 675 1908 pulsi
690 1828 850 1906 fugatique.
881 1826 1007 1888 Romani
1029 1827 1130 1906 signo-

50 1931 121 1974 rum
138 1921 168 1972 et
183 1931 332 1974 armorum
353 1913 504 1992 aliquanto
528 1916 668 1985 numero,
691 1913 820 1974 hostium
843 1930 1004 1991 paucorum
1027 1911 1129 1991 potiti:

51 2016 123 2060 narn
138 1998 232 2058 ferme
243 1997 384 2060 Numidas
399 1998 430 2058 in
446 1997 585 2060 omnihus
597 1998 718 2078 proeliis
732 1998 824 2076 magis
840 1997 930 2076 pedes
945 2015 1035 2076 quam
1050 2013 1130 2058 arma

51 2090 148 2145 tutata
165 2091 244 2144 sunt.

139 2167 183 2228 Ea
197 2168 265 2247 luga
279 2168 420 2246 Iugurtha
435 2168 592 2247 inpensius
607 2168 694 2229 mode
715 2167 805 2230 rebus
820 2167 881 2228 suis
902 2167 1039 2228 diflidens
1060 2186 1127 2230 cum
1146 2165 1180 2221 75

50 2253 186 2333 perfugis
202 2261 231 2314 et
245 2260 329 2332 parte
344 2252 491 2331 equitatus
505 2254 536 2316 in
553 2253 742 2328 solitudines,
758 2253 826 2314 dein
849 2253 969 2321 Thalam
984 2253 1128 2332 pervenit,

53 2369 167 2421 aweiten
195 2367 337 2436 Feldzuges
369 2369 413 2422 des
446 2367 567 2422 Metellus
618 2371 713 2436 quidm
723 2369 853 2420 militibus
864 2385 916 2420 rec
930 2367 1028 2434 adsuit,
1046 2371 1078 2420 ab
1091 2371 1129 2418 eie

52 2437 125 2488 nicht
144 2452 176 2487 au
198 2437 398 2502 unterhrechen,
422 2437 498 2504 greilt
523 2437 568 2489 der
617 2437 784 2502 aliquamdiu
802 2441 942 2489 amictum.

54 2503 324 2558 Geschichtschreiher
342 2505 390 2557 den
403 2505 566 2570 Ereignissen
652 2505 805 2569 aliquanto:
821 2505 865 2556 der
876 2505 930 2557 rein
943 2503 1128 2570 adjelrtivische

54 2579 138 2625 etwas
157 2587 212 2623 vor,
618 2572 750 2624 Gehrauch
768 2571 852 2624 dieses
864 2571 967 2624 Wortes
981 2571 1062 2625 findet
1073 2572 1128 2623 sich

91 2639 120 2692 T.
137 2640 252 2692 Manlio:
271 2639 309 2690 als
322 2637 466 2692 Vernemen
484 2641 566 2707 gehen
617 2641 660 2692 hei
671 2637 767 2692 Sallust
779 2640 846 2691 noch
858 2639 1035 2700 105,4undin
1045 2639 1128 2691 einem

54 2708 148 2761 andere
169 2707 194 2759 0.
214 2723 254 2760 an,
617 2709 716 2774 Fragm.
729 2707 802 2772 illisi.
815 2710 840 2771 2,
853 2709 884 2759 29
897 2705 949 2770 Kr.)
962 2707 1129 2772 aliquantam

87 2777 134 2828 sed
153 2775 237 2843 poulo
261 2775 424 2827 decreuerat:
447 2775 488 2828 die
511 2791 563 2828 von
611 2781 720 2844 partem
735 2775 849 2842 gloriae.

53 2845 103 2897 den
126 2845 217 2896 beaten
242 2841 436 2896 Hnndschrilten
458 2843 564 2896 ldelren-
650 2845 937 2909 hosdarmpaucorem:
950 2856 1008 2893 man
1022 2840 1128 2892 heachte

53 2913 109 2966 halt
128 2911 292 2964 dherlieierte
311 2909 391 2966 Stelle
414 2927 473 2978 mag
496 2919 564 2964 etwa
616 2913 665 2964 den
674 2909 794 2964 Wechsel
804 2911 848 2963 der
857 2909 1076 2962 Konstrulrtionen
1085 2909 1127 2960 hei

53 2997 83 3034 so
96 2983 200 3046 erginzt
212 2976 327 3032 werden:
346 2982 393 3032 aed
404 2981 489 3047 poeto
502 2985 565 3031 aete
613 2982 705 3048 potiti.

53 3053 163 3100 senatur
187 3047 244 3114 lege
263 3049 421 3114 Sempronio
446 3050 478 3100 de
503 3065 565 3116 pro·
614 3051 617 3056 '
651 3049 947 3100 Numidas...tutata:
970 3044 1016 3097 das
1039 3043 1127 3096 Prati-

52 3120 150 3168 oineiia
182 3133 248 3182 quos
281 3117 414 3183 designati
445 3117 566 3168 conmies
617 3117 663 3169 hat
680 3118 714 3169 ist
732 3117 796 3168 nach
817 3116 874 3167 dem
897 3112 1126 3176 niherstehendem

53 3190 164 3236 interae
183 3190 371 3250 compararent
387 3188 564 3236 sortirentur·
615 3185 776 3251 wenngleich
809 3182 1039 3250 untergeordneten
1066 3179 1127 3232 Ver-

52 3272 84 3306 ve
102 3253 244 3318 comitur,
262 3253 367 3305 Metello
385 3257 415 3304 ia
433 3253 564 3305 Numidia
615 3248 1126 3324 gleiehungsgliedkonstruiert,wieGat.
1144 3251 1146 3256 “

52 3339 89 3373 ne
108 3321 307 3386 succederetur,
329 3321 402 3386 (oder
418 3351 452 3360 -
469 3317 565 3374 reram
616 3325 655 3381 25,
669 3324 692 3375 3.
720 3321 782 3372 Zum
795 3318 928 3372 ausdruck
942 3317 993 3384 vgl.
1007 3321 1084 3382 52,4.

52 3389 211 3442 Numidiam
223 3389 329 3440 Metello
343 3389 388 3454 -)
402 3392 564 3443 decreuerat.
649 3389 692 3444 td.
717 3394 739 3442 l.
757 3391 895 3456 inpensius
916 3387 1008 3438 modo:
1033 3401 1064 3438 zu
1084 3388 1126 3448 47,

54 3457 110 3526 Vgl.
129 3472 160 3508 zu
178 3459 219 3520 at,
238 3460 253 3510 3
271 3455 324 3509 und
341 3459 382 3522 62,
402 3462 440 3512 10.
615 3463 644 3519 3;
665 3459 803 3524 inpensius
819 3456 922 3508 bezieht
939 3454 994 3506 sich
1011 3454 1066 3506 hier
1083 3453 1128 3505 aul

89 3524 132 3580 74.
151 3528 173 3577 l.
190 3526 280 3576 codem
297 3529 426 3592 ternpore:
449 3527 484 3577 im
503 3526 564 3578 wei·
615 3527 656 3578 die
675 3525 767 3578 St'drlte
785 3525 829 3576 des
848 3521 962 3578 Geldhls.

55 3601 93 3648 ter
119 3593 254 3658 folgenden
271 3591 370 3646 kommt
391 3593 487 3647 Sallust
505 3609 563 3646 aum
652 3591 776 3645 Thalam:
794 3592 859 3644 auch
875 3591 994 3658 Thelepte
1006 3594 1126 3656 genennt,

54 3661 162 3716 zweiten
180 3660 308 3727 Feldzuge
326 3661 371 3713 des
383 3659 509 3727 Metellus,
528 3663 563 3712 im
614 3665 647 3715 20
671 3660 809 3730 geograph.
834 3657 927 3712 hleilen
952 3657 1050 3714 sudlieh
1074 3673 1125 3709 von

53 3732 77 3785 J,
96 3732 144 3784 fito
162 3730 244 3792 (108),
263 3743 294 3780 zu
313 3732 354 3795 46,
373 3733 396 3782 i.
614 3729 696 3782 Sicca.
725 3729 812 3796 Gegen
839 3729 880 3780 die
907 3726 1040 3792 lleinung,
1071 3725 1125 3777 dass

87 3799 231 3850 Bocchum:
253 3798 291 3858 19,
311 3799 334 3848 7.
610 3799 685 3850 diese
696 3797 794 3850 Namen
812 3795 993 3850 verschiedene
1007 3795 1067 3846 Orte
1081 3793 1124 3844 be·

89 3867 360 3930 ouum...agitatat:
374 3865 427 3932 vgl.
441 3869 526 3932 auid,
539 3869 563 3918 2.
615 3867 731 3918 zeichnet
743 3867 830 3918 hatten
843 3865 895 3917 und
908 3863 963 3916 dals
973 3862 1052 3914 Thala
1062 3859 1125 3912 viel-

90 3938 113 3989 3.
138 3937 238 3985 ceteri.
255 3971 261 3984 .
277 3971 284 3984 .
298 3934 406 3986 milites:
436 3949 464 3985 so
488 3949 565 4000 ange·
614 3933 687 3986 mehr
703 3933 821 3986 westlich
839 3949 890 3985 von
903 3932 970 3983 Cirta
986 3946 1016 3982 zu
1029 3929 1124 3983 auehen

56 4001 564 4070 lindpit,alswennvorhergesagtwiare
615 3996 1124 4067 sei(niheresheiillesamnmmudstl,
