2766 4568
94 311 141 363 nx
161 312 186 364 o.
206 287 361 365 sannusri
379 311 660 368 ausarensem.
679 311 730 366 on
748 312 782 366 u.
799 311 909 366 sumu
927 312 1036 366 tremi.
1061 309 1121 370 aaa
1191 389 1197 404 ι

38 485 169 565 quiidem
184 484 257 559 eius,
272 484 412 548 homines
425 485 555 547 maxumi
569 485 701 546 nominis
716 485 846 564 optumis
861 484 1008 547 maiorum
1022 504 1123 548 anem-

39 571 113 651 plis,
132 588 248 649 nequeo
263 570 334 632 satis
343 571 454 645 mirari,
471 571 521 649 qui
540 570 751 632 dominationis
766 570 797 631 in
809 589 861 633 vos
872 571 1024 632 servitium
1034 589 1122 633 suum

40 655 218 716 mercedem
233 653 305 716 dant
321 666 350 719 et
364 664 525 734 utrumque
541 675 596 735 per
610 655 750 716 iniuriam
764 656 879 717 malunt
894 673 983 735 quam
1000 663 1122 737 optumo

40 742 113 802 iure
130 739 216 800 liberi
232 758 335 820 agare3
350 741 500 820 praeclara
515 742 676 803 Brutomm
689 749 778 819 atque
789 740 982 802 Aemiliorum
994 749 1023 803 et
1033 741 1126 802 Luta·
1145 753 1160 802 a

39 827 161 887 tiorum
174 825 284 904 proles,
299 826 391 903 geniti
407 826 443 887 ad
458 845 508 901 ea,
524 844 601 905 quae
616 826 740 887 maiores
755 826 861 887 virtute
876 843 1035 907 peperere,
1051 825 1123 888 suh-

40 910 204 972 vortunda.
238 911 312 971 Nam
335 910 405 990 qnid
426 929 442 971 a
458 911 571 991 Pyrrho
586 911 752 972 Hannibale
767 910 964 991 Philippoque
979 920 1008 972 et
1020 911 1125 972 Antio·
1146 921 1171 972 t'

40 996 104 1056 cho
122 995 277 1057 defensum
294 1003 339 1057 est
353 996 431 1057 aliud
453 1013 541 1074 quam
556 996 675 1057 libertas
690 1005 721 1057 et
733 1014 804 1057 suae
820 995 927 1074 cuique
942 995 1042 1070 sedes,
1064 1014 1123 1057 neu

44 1081 96 1142 cui
115 1080 173 1142 nisi
187 1079 303 1159 legibus
321 1079 515 1161 pararemus?
544 1081 626 1152 Quae
642 1089 749 1142 cuneta
762 1099 884 1143 scaevus
905 1081 960 1142 iste
981 1081 1125 1142 Romulus
1145 1091 1161 1141 a

42 1164 134 1245 quasi
155 1165 191 1226 ah
213 1167 343 1236 externis
364 1175 446 1246 rapta
468 1174 563 1240 tenet,
585 1184 648 1228 non
671 1174 717 1226 tot
729 1165 914 1228 exercituum
928 1166 1010 1227 clade
1026 1184 1123 1245 neque

42 1249 206 1312 consulum
220 1258 250 1311 at
264 1251 389 1326 aliorum
404 1252 591 1330 principum,
614 1269 688 1330 quos
710 1251 830 1312 tortum
845 1250 915 1312 belli
930 1269 1123 1332 consumpse·

42 1345 108 1409 rat,
129 1335 262 1409 satiatus,
287 1336 338 1398 sed
353 1344 416 1398 tum
432 1335 595 1408 crudelior,
609 1354 676 1397 cum
692 1335 851 1414 plerosque
866 1337 1013 1398 secundae
1028 1355 1077 1398 res
1090 1337 1122 1397 in

42 1419 268 1482 miserationem
291 1441 326 1482 ex
342 1421 385 1481 ira
404 1429 535 1481 vortunt.
571 1420 651 1492 Quin
672 1421 753 1482 solus
774 1421 907 1481 omnium
925 1429 993 1501 post
1012 1439 1125 1482 memo·
1146 1430 1162 1480 6

43 1507 123 1566 riam
138 1505 260 1566 humani
276 1510 387 1585 peanis
407 1506 551 1585 supplicia
572 1505 603 1566 in
625 1513 694 1585 post
715 1507 831 1568 futuros
852 1505 1033 1585 composuit,
1057 1507 1123 1585 quis

42 1591 132 1671 prius
153 1590 259 1651 iniuria
282 1609 370 1670 quam
392 1591 451 1651 uita
472 1599 551 1652 certa
566 1599 658 1665 esset;
680 1590 919 1670 pravissumeque
934 1609 989 1669 per
1003 1591 1123 1652 sceleris

42 1675 252 1738 inmanitatem
274 1676 369 1738 adhuc
388 1683 471 1738 tutus
493 1675 563 1752 tuit,
584 1676 652 1738 dum
673 1694 725 1736 vos
740 1684 821 1736 metu
835 1675 978 1753 gravioris
993 1675 1092 1737 serviti
1108 1693 1125 1736 a

42 1762 214 1905 repetnpda
231 1759 367 1822 libertate
388 1761 551 1823 terremini.
581 1759 738 1838 Agundum
759 1769 848 1839 atque
863 1760 978 1821 obviam
992 1760 1125 1822 eundum
1146 1768 1161 1817 t

44 1855 102 1920 est,
119 1845 145 1916 Q
169 1845 266 1920 trites,
282 1865 320 1907 ne
335 1846 429 1925 spolia
443 1855 541 1907 vostra
556 1863 650 1924 penes
664 1845 730 1906 illos
744 1845 820 1921 sint;
836 1863 898 1906 non
914 1845 1124 1924 prolatandum

43 1949 147 2010 neque
162 1931 236 1992 votis
251 1932 381 2009 paranda
403 1930 525 1991 auxilia:
550 1930 607 1991 nisi
626 1930 702 1992 forte
717 1931 842 2010 speratis
857 1930 984 1992 taedium
1000 1930 1058 1990 iam
1072 1940 1125 1992 aut

43 2015 194 2096 pudorem
209 2015 374 2096 tyrannidis
390 2013 489 2076 Sullae
504 2033 586 2089 esse,
603 2022 632 2076 et
647 2033 713 2076 eum
729 2033 785 2093 per
799 2015 895 2077 scelus
911 2023 1055 2096 occupata
1069 2034 1123 2097 pe-

81 2153 105 2202 2.
125 2149 317 2200 dominationis
339 2152 401 2200 eto:
420 2139 470 2200 ‘die
488 2147 561 2199 ilerr-
612 2147 727 2200 Grdnder
743 2147 907 2200 einerneuen
920 2145 1125 2214 Staatsordnung

43 2217 133 2270 schalt
145 2216 208 2269 dher
220 2217 285 2270 euch
298 2216 420 2270 erhaulen
433 2217 470 2269 sie
481 2215 560 2268 durch
612 2230 643 2267 zu
665 2215 783 2278 werden,
807 2214 859 2267 und
882 2215 1005 2268 wodoreh
1028 2231 1054 2268 er
1078 2215 1124 2268 das

44 2286 97 2338 den
121 2282 226 2336 Verlust
252 2284 320 2336 ihrer
347 2279 469 2337 Freiheit’
500 2284 524 2336 d.
542 2285 560 2339 i.
612 2283 704 2350 genade
723 2283 856 2350 Gegenteil
874 2283 974 2349 worda,
998 2283 1040 2336 ein
1056 2279 1125 2335 ‘har-

43 2349 99 2406 ‘um
124 2352 188 2404 tiber
211 2354 276 2404 euch
297 2352 435 2404 henschen
452 2367 484 2405 zu
503 2352 561 2404 dhr-
611 2351 730 2404 rikierter
748 2346 889 2417 Romulus,
913 2352 963 2404 wie
981 2349 1123 2404 Mommsen

45 2423 91 2474 fen
125 2421 233 2473 machen
262 2421 299 2473 sie
329 2420 384 2472 sich
414 2437 445 2472 zu
475 2419 560 2473 Sullas
613 2419 651 2483 (R.
670 2419 700 2472 G.
716 2419 759 2471 111³
776 2433 834 2486 pag.
853 2422 896 2483 24)
920 2420 970 2472 den
989 2418 1124 2473 Ausdrucli

45 2482 198 2542 Knechten‘.
611 2486 786 2552 wiedergieht

80 2563 237 2622 utrumque:
254 2555 515 2608 nimlichdoma‘omd
531 2558 561 2606 in
646 2557 724 2620 quasi
833 2559 912 2620 rapta
940 2559 1023 2606 tonat:
1053 2555 1124 2608 dlese

45 2643 98 2678 ooc
111 2639 144 2676 ao
160 2623 244 2675 simul
259 2627 313 2691 ipra·
329 2625 437 2674 seruire.
612 2621 690 2675 Gdter
707 2622 751 2674 hat
770 2621 841 2673 Sulla
865 2621 944 2674 euch
966 2622 1062 2688 {spolia
1078 2639 1124 2674 oo

82 2697 106 2746 3.
124 2693 273 2744 Brutorum
297 2696 357 2744 etc:
376 2691 488 2757 gemeint
504 2690 562 2742 sind
611 2695 669 2741 otro
682 2689 698 2756 ᾗ
713 2691 739 2755 7)
756 2689 881 2742 entrlssen
898 2688 951 2740 und
967 2690 1063 2742 hesitzt
1080 2691 1126 2754 sie,

46 2763 89 2814 die
113 2759 228 2812 Konsuln
251 2760 296 2812 des
318 2760 440 2812 niehsten
462 2757 562 2823 Jahres,
612 2757 697 2810 indem
715 2772 742 2809 er
759 2759 797 2810 sie
815 2756 853 2808 als
875 2757 932 2809 elne
953 2758 1124 2823 answdrtigen

46 2830 75 2882 Ι).
100 2826 193 2880 lunius
214 2827 310 2880 Brutus
331 2831 374 2892 (zu
398 2827 451 2879 Gat.
474 2830 516 2891 to,
535 2830 561 2890 5)
612 2825 724 2877 deinden
753 2825 924 2877 cntwundene
954 2825 1124 2892 liriegsbeute

46 2896 101 2949 und
118 2893 195 2948 Mam.
212 2895 335 2948 Aemilius
352 2894 463 2963 Lepidus
480 2894 562 2946 Liria·
612 2889 779 2954 betraohtet’;
815 2891 929 2946 dieselbe
964 2891 1124 2960 Anapielung

46 2981 104 3028 nus,
124 2963 207 3016 lernen
225 2963 253 3024 0.
266 2963 383 3016 Lutatius
395 2963 501 3015 (latoius
517 2965 561 3026 (nn
612 2961 662 3013 wie
680 2961 697 3028 5
718 2963 746 3014 17
765 2964 796 3028 (s.
815 2961 839 3015 d.
857 2961 931 3013 Anm.
949 2977 981 3012 zu
999 2963 1068 3012 bona
1087 2965 1124 3012 oi-

47 3034 103 3085 Cat.
121 3035 163 3096 ³4,
176 3034 210 3098 3),
223 3031 267 3084 der
278 3029 419 3084 hlilkonsul
437 3030 483 3082 des
496 3029 562 3082 Red·
611 3031 702 3094 oium).
1019 3053 1021 3058 ·
1202 3035 1206 3044 ·

47 3115 116 3154 nera.
618 3109 620 3112 ·
647 3100 671 3150 6.
689 3099 719 3146 a'u
739 3100 800 3164 poet
823 3095 947 3158 suturae:
970 3111 1015 3149 zur
1040 3093 1124 3149 Saehe

81 3172 107 3221 4.
124 3185 142 3219 α
160 3168 265 3233 merto
283 3169 346 3218 etc:
364 3165 480 3219 dieselbe
493 3165 561 3218 lion·
611 3165 664 3232 vgl.
682 3164 736 3217 (lat.
755 3166 796 3230 37,
814 3167 830 3216 9
849 3163 924 3217 nebst
942 3164 986 3217 der
1002 3165 1076 3218 Anm.

47 3235 177 3289 strulstion
188 3234 276 3286 warde
289 3234 354 3287 auch
363 3233 431 3286 heim
441 3233 561 3286 dativum
644 3235 873 3300 prooiammaqua:
886 3257 921 3278 =
933 3237 959 3284 at
975 3234 1048 3300 quod
1060 3249 1126 3302 pra-

47 3303 191 3366 delandera
208 3300 364 3354 stattfinden.
608 3303 755 3352 uiaeumum
772 3304 818 3352 est.

81 3374 191 3438 auique:
214 3368 258 3422 der
275 3369 351 3422 Daliv
368 3369 395 3422 in
413 3368 500 3436 Beaug
517 3367 562 3422 aui
649 3370 725 3421 dum:
755 3367 797 3420 die
825 3367 992 3434 Verbindung
1022 3369 1124 3421 ahnlloh

47 3439 187 3502 defensum
204 3443 254 3498 ach
273 3453 294 3490 s.
315 3441 370 3502 ld'l,
390 3441 413 3490 t.
612 3437 664 3490 wie
682 3437 735 3503 lug.
754 3438 796 3502 42,
815 3438 839 3489 l.

81 3523 148 3559 naua:
172 3507 207 3558 im
224 3504 451 3573 uorhergehenden
470 3505 561 3558 andere
647 3508 671 3557 7.
688 3503 774 3572 epolr'a
792 3509 894 3556 vestm:
915 3504 1067 3557 bezeichnet
1084 3505 1125 3558 die

48 3577 192 3644 gelormten
215 3572 324 3639 SubJeld
348 3589 398 3626 von
424 3573 561 3636 descessum
613 3573 671 3625 dem
698 3572 832 3638 besiegten
855 3570 940 3625 Volhe
966 3574 1124 3626 entrissenen

48 3651 87 3696 eat
103 3644 169 3710 liegt
186 3640 244 3694 dem
256 3642 335 3694 Sinne
354 3641 419 3694 nach
437 3642 502 3694 anch
519 3642 561 3694 ein
613 3640 699 3704 (inter,
717 3639 814 3693 Rachle
831 3640 883 3693 und
895 3641 1052 3701 Freiheitem
1072 3641 1126 3708 vgl.

49 3713 187 3766 linalsatz.
613 3707 654 3761 Or.
672 3707 750 3760 Maca.
768 3711 792 3761 6.

82 3786 107 3834 5.
128 3793 250 3830 scaevus:
280 3771 384 3840 anaide,
412 3778 564 3830 bezeichnet
646 3779 728 3828 ootir:
746 3776 798 3842 egl.
818 3775 872 3828 (lat
890 3777 931 3839 52,
950 3778 991 3829 29.

48 3850 93 3902 das
112 3845 258 3912 linhische‚
275 3844 420 3966 'lippische
437 3844 482 3898 des
501 3845 563 3898 Ver·
648 3844 751 3896 Sullae:
769 3843 852 3896 Datin.

47 3918 160 3980 famens,
178 3913 292 3966 welches
324 3914 376 3966 ulla
395 3914 564 3980 angawendet
649 3916 687 3962 ot:
705 3928 736 3964 zu
754 3911 808 3964 Gal.
828 3915 867 3978 ta,
886 3915 910 3964 2.

47 3987 136 4049 hatte,
154 3997 198 4034 um
215 3982 257 4033 eiu
276 3997 353 4034 neuer
372 3981 502 4048 Romulus,
519 3981 565 4035 dar
647 3981 837 4046 periculosior:
851 3978 999 4046 gegendber
1012 3977 1127 4044 damper

101 4075 195 4118 sottum.
220 4073 240 4116 8.
255 4074 314 4116 Aah.
561 4127 563 4132 Ι
892 4066 923 4116 15
