2738 4576
229 257 290 317 104
601 261 627 312 c.
646 257 803 313 suunusri
820 249 922 313 cnisrr

174 435 210 491 12
312 434 410 510 Primo
426 444 590 510 conventu,
613 451 700 513 quem
716 433 752 494 ab
766 434 876 512 regulis
890 436 1000 495 lactum
1022 453 1113 514 supra
1131 436 1310 508 memoravi,

226 529 350 600 propter
364 520 578 582 dissensionem
593 519 744 598 placuerat
757 519 845 580 dividi
867 520 1022 581 thesauros
1043 520 1170 598 finisque
1193 521 1308 599 imperi

124 665 128 674 ,
188 613 203 663 2
224 605 347 684 singulis
363 606 511 667 constitui.
548 605 650 684 ltaque
664 613 782 684 tempus
797 604 831 664 ad
852 613 1009 683 utramque
1032 623 1095 666 rem
1118 605 1307 678 decernitur,

226 691 277 751 sed
292 691 437 752 maturius
451 692 486 751 ad
500 689 657 770 pecuniam
673 688 915 751 distribuendam.
945 689 1051 769 Reguli
1063 690 1176 751 interea
1189 691 1221 751 in
1241 691 1308 752 loca

188 784 203 834 3
225 775 394 856 propinqua
409 775 553 838 thesauris
568 775 642 836 alius
656 774 712 835 alio
729 793 912 838 concessere.
946 775 1003 836 Sed
1018 775 1169 853 Hiempsal
1191 776 1222 837 in
1251 795 1308 856 op-

223 861 293 941 pido
314 860 464 922 Thirmida
486 861 562 920 forte
586 860 649 922 eius
671 859 758 921 dumo
780 859 934 935 utebatur,
958 861 1008 938 qui
1031 879 1194 940 proxumus
1216 861 1309 922 lictor

223 944 383 1025 Iugurthae
397 964 484 1007 carus
503 955 702 1025 acceptusque
725 945 752 1006 ei
774 963 892 1024 semper
914 947 1025 1022 luerat3
1049 964 1137 1024 quem
1159 945 1209 1006 ille
1233 964 1307 1007 casu

222 1031 390 1092 ministrum
405 1029 536 1091 oblatum
552 1029 705 1110 promissis
721 1038 825 1091 onerat
835 1029 1018 1109 inpellitque,
1035 1032 1077 1090 uti
1087 1040 1241 1110 tamquam
1254 1049 1307 1092 sua

221 1116 320 1177 visens
334 1116 454 1176 domum
466 1125 521 1191 eat,
532 1125 686 1195 portarum
697 1116 786 1177 clavis
796 1110 975 1176 adulterinas
985 1125 1071 1195 paret
1081 1151 1123 1162 -
1135 1135 1204 1176 nam
1215 1134 1306 1177 verae

222 1200 258 1260 ad
273 1200 472 1280 Hiempsalem
486 1201 694 1262 referebantur
708 1220 764 1278 -;
788 1207 931 1273 ceterum,
944 1199 996 1261 ubi
1011 1219 1059 1262 res
1072 1200 1251 1281 postularet,
1275 1220 1306 1262 se

184 1291 200 1340 4
222 1285 318 1364 ipsum
335 1304 404 1346 cum
418 1304 524 1366 magna
538 1305 629 1347 manu
643 1295 811 1346 venturum.
840 1285 964 1346 Numida
980 1287 1116 1347 mandata
1130 1285 1214 1346 brevi
1229 1306 1306 1347 con-

222 1371 284 1431 ficit
298 1380 401 1449 atque,
426 1372 468 1432 uti
484 1371 588 1433 ductus
604 1380 682 1446 erat,
705 1379 797 1432 noctu
818 1369 977 1450 iugurthae
999 1371 1106 1432 milites
1127 1371 1304 1433 introducit.

154 1508 157 1518 .
184 1460 200 1509 5
223 1454 281 1526 Qui
296 1464 452 1535 postquam
467 1457 498 1517 in
515 1457 593 1518 aedis
614 1456 771 1536 inrupere,
795 1455 902 1516 divorsi
924 1474 1024 1535 regem
1048 1474 1208 1535 quaerere,
1234 1459 1305 1518 dor-

221 1541 341 1602 mientis
359 1541 430 1603 alios
452 1541 524 1603 alios
547 1541 728 1604 occursantis
750 1541 935 1614 interficere,
959 1542 1083 1602 scrutari
1105 1542 1171 1602 loca
1192 1542 1303 1615 abdita,

223 1625 319 1687 clausa
332 1627 500 1706 effringere,
515 1627 642 1707 strepitu
654 1635 683 1688 et
694 1626 824 1688 tumultu
835 1625 932 1687 omnia
944 1627 1084 1688 miscere:
1100 1645 1168 1688 cum
1180 1627 1303 1688 interim

221 1710 373 1791 Hiempsal
387 1713 535 1792 reperitur
555 1712 708 1774 occultans
729 1731 760 1773 se
783 1711 902 1791 tugurio
924 1706 1056 1773 mulieris
1077 1711 1216 1787 ancillae,
1242 1731 1302 1792 quo

184 1799 199 1849 6
221 1795 305 1858 initio
321 1797 444 1877 pavidus
462 1807 492 1858 et
513 1798 634 1878 ignarus
655 1797 712 1858 loci
735 1798 914 1876 perfugerat.
951 1796 1094 1858 Numidae
1116 1805 1204 1876 caput
1227 1799 1302 1870 eius,

220 1883 264 1942 uti
278 1881 351 1944 iussi
366 1891 460 1958 eraut,
476 1883 511 1944 ad
526 1882 699 1962 iugurtham
714 1882 858 1943 referunt.
1087 1961 1088 1964 Ἴ

166 1962 203 2019 ld
307 1968 444 2046 Ceterum
459 1970 535 2028 lama
549 1968 623 2029 tanti
637 1967 777 2029 facinoris
791 1983 845 2044 per
865 1983 984 2026 omnem
999 1966 1127 2027 Africam
1149 1967 1233 2028 brevi
1258 1968 1302 2028 di·

219 2053 367 2132 vulgatum
389 2053 584 2114 Adherbalem
601 2053 766 2129 omnisque,
788 2050 838 2129 qui
853 2051 907 2112 sub
931 2051 1056 2131 imperio
1074 2051 1212 2132 Micipsae
1235 2053 1303 2113 lue·

219 2147 304 2212 rant,
328 2147 425 2199 metus
443 2137 568 2212 invadit,
590 2137 621 2196 in
643 2137 715 2198 duas
735 2135 827 2215 partis
848 2135 1003 2196 discedunt
1018 2136 1175 2213 Numidae;
1197 2137 1301 2217 plures

149 2267 151 2272 .
181 2228 196 2278 2
217 2223 412 2283 lidberbalem
427 2230 585 2296 secuntur,
607 2221 658 2282 sed
672 2220 754 2281 illum
776 2221 901 2282 alterum
921 2219 1001 2282 bellu
1022 2222 1167 2284 meliores.
1205 2222 1302 2302 lgitur

218 2306 359 2386 Iugurtha
379 2324 467 2384 quam
488 2324 637 2367 maxumas
656 2315 755 2386 potest
777 2305 877 2386 copias
898 2313 1005 2381 armat,
1032 2306 1116 2368 urbis
1141 2308 1251 2386 partim
1271 2308 1295 2366 vi

218 2391 289 2452 alias
309 2391 459 2453 voluntate
481 2391 604 2470 imperio
625 2411 679 2453 suo
702 2391 851 2470 adiungit,
873 2391 954 2452 omui
975 2391 1128 2453 Numidiae
1149 2392 1296 2472 imperare

180 2483 196 2532 a
216 2484 308 2557 parat.
337 2475 499 2551 Adherbal,
519 2477 635 2538 tametsi
650 2476 773 2537 Rumam
795 2476 908 2556 legatus
930 2476 1064 2552 miserat,
1088 2478 1139 2556 qui
1161 2489 1298 2539 senatum

218 2561 361 2622 docerent
374 2561 410 2622 de
426 2563 515 2624 caede
530 2563 630 2624 fratris
644 2570 674 2622 et
687 2561 816 2624 fortunis
831 2561 907 2637 suis,
926 2571 1025 2622 tamen
1047 2564 1141 2624 fretus
1163 2563 1297 2625 multitu·

249 2709 294 2766 12.
313 2713 336 2766 3.
359 2711 496 2780 Hiempsal
516 2718 578 2767 etc:
602 2712 648 2766 das
675 2713 730 2764 hier
816 2728 893 2764 ecca:
917 2712 964 2764 mit
982 2711 1069 2779 Bezug
1089 2713 1135 2766 aul
1150 2713 1222 2776 sorte
1241 2717 1299 2766 eius

215 2779 306 2832 weiter
318 2779 435 2834 Erzdhlte
452 2781 564 2847 geschah
581 2785 630 2836 637
649 2783 728 2846 (117).
782 2780 859 2832 domo
877 2783 1004 2832 amaena·
1021 2786 1070 2833 etc.

215 2848 390 2900 Abweicbend
409 2849 453 2901 hat
465 2849 518 2900 Liv.
531 2849 596 2900 nach
610 2848 677 2916 Epit.
696 2851 729 2902 62
814 2847 1011 2910 reserebantur:
1035 2849 1145 2900 ndmliclr
1167 2843 1243 2902 ‘nach
1258 2851 1298 2915 je-

215 2916 312 2968 erz'ahlt
328 2917 462 2982 lurgama
479 2915 655 2982 Hiempsalem
672 2915 730 2977 fra·
781 2915 946 2982 desmaligem
957 2910 1148 2978 Zuschlielsen²;
1161 2916 1241 2970 daher
1252 2918 1296 2970 das

215 2983 486 3052 impeditione,
505 2987 650 3049 quietatur
661 2988 730 3036 ccci·
780 2984 880 3052 bnperl.
900 3012 931 3022 -
950 2984 1068 3038 Nachher
1090 2985 1135 3037 hat
1159 3000 1217 3037 man
1242 2986 1295 3040 sich

216 3053 300 3104 ditur.
780 3052 823 3104 bei
846 3055 964 3104 ceteram
982 3057 1031 3106 etc.
1055 3052 1101 3106 das
1118 3051 1232 3106 Weitere
1252 3054 1297 3106 des

250 3118 404 3171 Thirmida:
431 3117 472 3170 die
495 3119 562 3184 lage
590 3119 626 3171 ist
647 3119 727 3172 unbe-
778 3120 900 3186 huftrags
921 3134 1045 3186 genauer,
1071 3137 1100 3174 so
1118 3121 1169 3172 wie
1187 3137 1216 3174 es
1241 3121 1295 3176 sich

212 3186 334 3239 bekannt.
778 3203 824 3239 aus
844 3186 901 3240 dem
920 3187 1060 3254 folgenden
1072 3188 1174 3256 Parnm.
1187 3189 1296 3257 ergiebt,

242 3270 325 3322 prom.
340 3254 430 3306 lictor:
444 3253 582 3320 cigentlich
593 3253 637 3307 der
648 3255 727 3307 letzte
778 3272 811 3308 zu
828 3254 938 3308 denkeu.

211 3323 238 3374 in
259 3322 304 3374 der
320 3321 400 3375 Reihe
422 3322 467 3374 der
484 3323 541 3375 dem
564 3326 628 3376 rdm.
646 3321 728 3389 blagi-
798 3328 836 3377 b.
855 3324 969 3375 divorsi:
987 3338 1019 3376 zu
1040 3324 1093 3376 dat.
1110 3327 1135 3388 2,
1156 3327 1181 3385 l;
1200 3325 1235 3378 im
1255 3341 1295 3376 ur·

213 3390 727 3456 stratvoranschreiteudenLietoren,da·
778 3391 959 3459 sprdngliehen
986 3392 1112 3446 ortlichen
1141 3391 1221 3446 Sinne
1243 3393 1295 3444 wie

212 3458 258 3511 her
275 3458 328 3510 ihm
340 3457 384 3511 der
398 3459 516 3522 nichst03
534 3460 569 3511 im
581 3458 669 3527 Range
682 3459 727 3511 der
777 3460 830 3527 lug.
849 3463 890 3526 55,
908 3463 936 3521 ’ῖς
955 3461 996 3512 at.
1015 3464 1039 3513 4.

211 3525 328 3579 hdchste
365 3524 429 3580 bem
452 3526 639 3594 entsprechend
662 3527 725 3592 hier,
810 3531 925 3596 sta-apim
938 3531 1000 3580 eta:
1017 3527 1077 3580 Tac.
1090 3529 1154 3582 lllst.
1168 3531 1192 3591 ³,
1206 3532 1238 3582 ‘13
1258 3533 1294 3580 im

210 3594 258 3646 mit
279 3594 450 3662 Anwendung
470 3598 534 3648 rom.
560 3596 658 3648 Namen
682 3595 727 3648 aul
779 3601 910 3663 mmpant
921 3596 1064 3648 Vitelliani
1082 3602 1108 3648 et
1120 3601 1215 3650 macta
1232 3614 1294 3650 aaa·

212 3662 330 3716 ¹aihnliche
348 3662 445 3715 fremde
456 3662 538 3732 binga
555 3667 598 3729 (zu
616 3665 669 3717 (iat
683 3667 724 3728 53,
773 3668 858 3730 gaino
866 3663 941 3726 serm
947 3665 1114 3731 flammisque
1122 3669 1242 3717 misceat.

211 3732 246 3797 3),
264 3731 334 3783 einer
352 3730 396 3783 der
413 3730 559 3785 'l'rabanten
576 3731 724 3799 iugurthae,
809 3731 853 3787 18.
866 3735 889 3786 3.
903 3735 1007 3784 tameat·
1016 3737 1077 3787 eta:
1099 3732 1178 3786 dmch
1190 3733 1231 3787 die
1241 3733 1292 3784 An·

211 3800 256 3852 der
273 3799 326 3852 ilun
362 3799 490 3853 eradnlieh
502 3799 642 3853 besonders
658 3800 723 3853 nahe
775 3799 870 3867 rulung
892 3800 938 3854 des
960 3803 1024 3854 rdm.
1044 3799 1135 3854 Senats
1158 3799 1246 3855 schien
1265 3816 1292 3853 er

212 3867 286 3921 stand
304 3815 361 3920 unN
373 3883 416 3921 um
432 3868 476 3920 ihn
488 3868 644 3936 besehiltigt
662 3884 725 3936 war,
775 3869 821 3922 aul
829 3868 987 3922 Selbsthdlie
999 3869 1140 3923 veraiehtet
1151 3885 1184 3921 zu
1194 3870 1288 3928 habam

211 3937 266 3990 sein
283 3936 456 3990 Leibtrabant.
775 3936 835 3990 aher
853 3952 880 3989 er
897 3937 958 4004 grid
972 3936 1129 4004 gleicbwohl
1147 3937 1219 3991 dazu.
