<?xml version="1.0" encoding="UTF-8"?>
<!DOCTYPE html PUBLIC "-//W3C//DTD XHTML 1.0 Transitional//EN"
    "http://www.w3.org/TR/xhtml1/DTD/xhtml1-transitional.dtd">
<html xmlns="http://www.w3.org/1999/xhtml" xml:lang="en" lang="en">
 <head>
  <title>
</title>
<meta http-equiv="Content-Type" content="text/html;charset=utf-8" />
  <meta name='ocr-system' content='tesseract 3.04.00' />
  <meta name='ocr-capabilities' content='ocr_page ocr_carea ocr_par ocr_line ocrx_word'/>
</head>
<body>
  <div class='ocr_page' id='page_1' title='image "./deconiurationec00wirzgoog_0229.png"; bbox 0 0 2766 4568; ppageno 0'>
   <div class='ocr_carea' id='block_1_1' title="bbox 235 219 933 294">
    <p class='ocr_par' dir='ltr' id='par_1_1' title="bbox 235 219 933 294">
     <span class='ocr_line' id='line_1_1' title="bbox 235 219 933 294; baseline 0.017 -12"><span class='ocrx_word' id='word_1_1' title='bbox 235 219 295 286; x_wconf 78' lang='grc'><strong>218</strong></span> <span class='ocrx_word' id='word_1_2' title='bbox 495 283 498 290; x_wconf 29' lang='lat'><strong>⁴</strong></span> <span class='ocrx_word' id='word_1_3' title='bbox 611 234 638 288; x_wconf 81' lang='lat'><strong>6.</strong></span> <span class='ocrx_word' id='word_1_4' title='bbox 657 235 813 294; x_wconf 83' lang='lat' dir='ltr'>SALLUSTI</span> <span class='ocrx_word' id='word_1_5' title='bbox 831 238 933 294; x_wconf 83' lang='lat' dir='ltr'><strong>GRlSPl</strong></span> 
     </span>
    </p>
   </div>
   <div class='ocr_carea' id='block_1_2' title="bbox 158 408 1317 2285">
    <p class='ocr_par' dir='ltr' id='par_1_2' title="bbox 196 408 1317 1916">
     <span class='ocr_line' id='line_1_2' title="bbox 233 408 1317 494; baseline 0.016 -33"><span class='ocrx_word' id='word_1_6' title='bbox 233 408 341 476; x_wconf 84' lang='lat' dir='ltr'><strong>ctatus,</strong></span> <span class='ocrx_word' id='word_1_7' title='bbox 368 420 473 481; x_wconf 89' lang='lat' dir='ltr'><strong>parum</strong></span> <span class='ocrx_word' id='word_1_8' title='bbox 497 409 712 488; x_wconf 90' lang='lat' dir='ltr'><strong>comperimus;</strong></span> <span class='ocrx_word' id='word_1_9' title='bbox 733 413 791 474; x_wconf 87' lang='lat' dir='ltr'><strong>sed</strong></span> <span class='ocrx_word' id='word_1_10' title='bbox 816 415 992 494; x_wconf 90' lang='lat' dir='ltr'><strong>plerumque</strong></span> <span class='ocrx_word' id='word_1_11' title='bbox 1016 414 1115 493; x_wconf 80' lang='lat' dir='ltr'>regiae</span> <span class='ocrx_word' id='word_1_12' title='bbox 1141 414 1317 478; x_wconf 85' lang='lat' dir='ltr'><strong>voluntates</strong></span> 
     </span>
     <span class='ocr_line' id='line_1_3' title="bbox 201 487 1316 580; baseline 0.018 -37"><span class='ocrx_word' id='word_1_13' title='bbox 201 489 266 546; x_wconf 75' lang='lat' dir='ltr'><strong>lut</strong></span> <span class='ocrx_word' id='word_1_14' title='bbox 287 487 475 552; x_wconf 84' lang='lat' dir='ltr'><strong>vehementes</strong></span> <span class='ocrx_word' id='word_1_15' title='bbox 494 492 538 552; x_wconf 90' lang='lat' dir='ltr'><strong>sio</strong></span> <span class='ocrx_word' id='word_1_16' title='bbox 557 493 696 571; x_wconf 83' lang='lat' dir='ltr'><strong>mobiles,</strong></span> <span class='ocrx_word' id='word_1_17' title='bbox 724 515 812 579; x_wconf 82' lang='lat' dir='ltr'>saepe</span> <span class='ocrx_word' id='word_1_18' title='bbox 834 499 915 580; x_wconf 85' lang='lat' dir='ltr'><strong>ipsae</strong></span> <span class='ocrx_word' id='word_1_19' title='bbox 936 498 993 562; x_wconf 90' lang='lat' dir='ltr'><strong>sibi</strong></span> <span class='ocrx_word' id='word_1_20' title='bbox 1013 499 1164 562; x_wconf 82' lang='lat' dir='ltr'><strong>advorsae.</strong></span> <span class='ocrx_word' id='word_1_21' title='bbox 1205 499 1316 563; x_wconf 86' lang='lat' dir='ltr'><strong>Postea</strong></span> 
     </span>
     <span class='ocr_line' id='line_1_4' title="bbox 233 572 1315 664; baseline 0.016 -35"><span class='ocrx_word' id='word_1_22' title='bbox 233 576 366 651; x_wconf 82' lang='lat' dir='ltr'><strong>tempore</strong></span> <span class='ocrx_word' id='word_1_23' title='bbox 381 581 411 633; x_wconf 89' lang='lat' dir='ltr'><strong>et</strong></span> <span class='ocrx_word' id='word_1_24' title='bbox 424 572 491 635; x_wconf 95' lang='lat' dir='ltr'><strong>loco</strong></span> <span class='ocrx_word' id='word_1_25' title='bbox 506 578 678 654; x_wconf 83' lang='lat' dir='ltr'><strong>constituto,</strong></span> <span class='ocrx_word' id='word_1_26' title='bbox 694 580 725 642; x_wconf 95' lang='lat' dir='ltr'><strong>in</strong></span> <span class='ocrx_word' id='word_1_27' title='bbox 740 583 936 664; x_wconf 85' lang='lat' dir='ltr'><strong>conloquium</strong></span> <span class='ocrx_word' id='word_1_28' title='bbox 950 583 995 646; x_wconf 87' lang='lat' dir='ltr'><strong>uti</strong></span> <span class='ocrx_word' id='word_1_29' title='bbox 1006 585 1043 646; x_wconf 91' lang='lat' dir='ltr'><strong>de</strong></span> <span class='ocrx_word' id='word_1_30' title='bbox 1059 603 1133 664; x_wconf 85' lang='lat' dir='ltr'><strong>pace</strong></span> <span class='ocrx_word' id='word_1_31' title='bbox 1148 585 1315 660; x_wconf 85' lang='lat' dir='ltr'><strong>veniretur,</strong></span> 
     </span>
     <span class='ocr_line' id='line_1_5' title="bbox 231 653 1315 754; baseline 0.018 -40"><span class='ocrx_word' id='word_1_32' title='bbox 231 653 366 718; x_wconf 90' lang='lat' dir='ltr'><strong>Bocchus</strong></span> <span class='ocrx_word' id='word_1_33' title='bbox 377 657 488 754; x_wconf 78' lang='lat' dir='ltr'><strong>⁸Sullam</strong></span> <span class='ocrx_word' id='word_1_34' title='bbox 499 663 587 725; x_wconf 94' lang='lat' dir='ltr'><strong>modo</strong></span> <span class='ocrx_word' id='word_1_35' title='bbox 598 666 855 746; x_wconf 82' lang='lat' dir='ltr'><strong>modolugurthae</strong></span> <span class='ocrx_word' id='word_1_36' title='bbox 866 670 997 749; x_wconf 79' lang='lat' dir='ltr'><strong>legatum</strong></span> <span class='ocrx_word' id='word_1_37' title='bbox 1007 669 1167 750; x_wconf 86' lang='lat' dir='ltr'><strong>adpellare,</strong></span> <span class='ocrx_word' id='word_1_38' title='bbox 1178 671 1315 750; x_wconf 83' lang='lat' dir='ltr'><strong>henigne</strong></span> 
     </span>
     <span class='ocr_line' id='line_1_6' title="bbox 230 738 1315 837; baseline 0.019 -39"><span class='ocrx_word' id='word_1_39' title='bbox 230 738 354 837; x_wconf 80' lang='lat' dir='ltr'><strong>habere,</strong></span> <span class='ocrx_word' id='word_1_40' title='bbox 376 742 455 804; x_wconf 82' lang='lat' dir='ltr'><strong>idem</strong></span> <span class='ocrx_word' id='word_1_41' title='bbox 475 746 621 812; x_wconf 88' lang='lat' dir='ltr'><strong>ambobus</strong></span> <span class='ocrx_word' id='word_1_42' title='bbox 635 751 779 830; x_wconf 80' lang='lat' dir='ltr'>polliceri.</span> <span class='ocrx_word' id='word_1_43' title='bbox 809 754 855 816; x_wconf 93' lang='lat' dir='ltr'><strong>llli</strong></span> <span class='ocrx_word' id='word_1_44' title='bbox 873 755 985 834; x_wconf 84' lang='lat' dir='ltr'><strong>pariter</strong></span> <span class='ocrx_word' id='word_1_45' title='bbox 999 755 1068 816; x_wconf 88' lang='lat' dir='ltr'><strong>laeti</strong></span> <span class='ocrx_word' id='word_1_46' title='bbox 1082 774 1117 816; x_wconf 90' lang='lat' dir='ltr'><strong>ac</strong></span> <span class='ocrx_word' id='word_1_47' title='bbox 1131 756 1199 836; x_wconf 87' lang='lat' dir='ltr'><strong>spei</strong></span> <span class='ocrx_word' id='word_1_48' title='bbox 1215 755 1315 818; x_wconf 92' lang='lat' dir='ltr'><strong>bonae</strong></span> 
     </span>
     <span class='ocr_line' id='line_1_7' title="bbox 198 823 1314 922; baseline 0.019 -40"><span class='ocrx_word' id='word_1_49' title='bbox 198 830 213 880; x_wconf 71' lang='lat' dir='ltr'><strong>a</strong></span> <span class='ocrx_word' id='word_1_50' title='bbox 229 823 312 903; x_wconf 81' lang='lat' dir='ltr'><strong>pleni</strong></span> <span class='ocrx_word' id='word_1_51' title='bbox 326 843 399 888; x_wconf 89' lang='lat' dir='ltr'><strong>esse.</strong></span> <span class='ocrx_word' id='word_1_52' title='bbox 430 828 488 890; x_wconf 92' lang='lat' dir='ltr'><strong>Sed</strong></span> <span class='ocrx_word' id='word_1_53' title='bbox 500 842 589 896; x_wconf 90' lang='lat' dir='ltr'><strong>nocte</strong></span> <span class='ocrx_word' id='word_1_54' title='bbox 601 853 645 910; x_wconf 91' lang='lat' dir='ltr'><strong>ea,</strong></span> <span class='ocrx_word' id='word_1_55' title='bbox 661 855 738 914; x_wconf 91' lang='lat' dir='ltr'><strong>quae</strong></span> <span class='ocrx_word' id='word_1_56' title='bbox 748 856 893 918; x_wconf 83' lang='lat' dir='ltr'><strong>proxuma</strong></span> <span class='ocrx_word' id='word_1_57' title='bbox 904 839 960 901; x_wconf 82' lang='lat' dir='ltr'><strong>luit</strong></span> <span class='ocrx_word' id='word_1_58' title='bbox 971 849 1042 901; x_wconf 84' lang='lat' dir='ltr'><strong>ante</strong></span> <span class='ocrx_word' id='word_1_59' title='bbox 1053 840 1132 902; x_wconf 87' lang='lat' dir='ltr'><strong>diem</strong></span> <span class='ocrx_word' id='word_1_60' title='bbox 1147 841 1314 922; x_wconf 89' lang='lat' dir='ltr'><strong>conloquio</strong></span> 
     </span>
     <span class='ocr_line' id='line_1_8' title="bbox 229 907 1313 1010; baseline 0.018 -41"><span class='ocrx_word' id='word_1_61' title='bbox 229 907 382 1008; x_wconf 77' lang='lat' dir='ltr'><strong>decretum</strong></span> <span class='ocrx_word' id='word_1_62' title='bbox 389 957 403 1008; x_wconf 39' lang='lat'><strong>,·</strong></span> <span class='ocrx_word' id='word_1_63' title='bbox 419 913 539 1010; x_wconf 77' lang='lat' dir='ltr'><strong>llaurus</strong></span> <span class='ocrx_word' id='word_1_64' title='bbox 562 919 699 984; x_wconf 78' lang='lat' dir='ltr'><strong>adhibitis</strong></span> <span class='ocrx_word' id='word_1_65' title='bbox 713 923 814 986; x_wconf 91' lang='lat' dir='ltr'><strong>amicis</strong></span> <span class='ocrx_word' id='word_1_66' title='bbox 828 944 863 986; x_wconf 90' lang='lat' dir='ltr'><strong>ac</strong></span> <span class='ocrx_word' id='word_1_67' title='bbox 879 925 976 986; x_wconf 87' lang='lat' dir='ltr'><strong>statim</strong></span> <span class='ocrx_word' id='word_1_68' title='bbox 997 925 1142 987; x_wconf 85' lang='lat' dir='ltr'><strong>inmutata</strong></span> <span class='ocrx_word' id='word_1_69' title='bbox 1156 927 1313 988; x_wconf 84' lang='lat' dir='ltr'><strong>voluntate</strong></span> 
     </span>
     <span class='ocr_line' id='line_1_9' title="bbox 229 997 1315 1091; baseline 0.019 -37"><span class='ocrx_word' id='word_1_70' title='bbox 229 1005 351 1091; x_wconf 80' lang='lat' dir='ltr'><strong>remotis</strong></span> <span class='ocrx_word' id='word_1_71' title='bbox 376 997 484 1060; x_wconf 81' lang='lat' dir='ltr'><strong>dicitur</strong></span> <span class='ocrx_word' id='word_1_72' title='bbox 509 1022 611 1066; x_wconf 90' lang='lat' dir='ltr'><strong>secum</strong></span> <span class='ocrx_word' id='word_1_73' title='bbox 637 1005 701 1086; x_wconf 89' lang='lat' dir='ltr'><strong>ipse</strong></span> <span class='ocrx_word' id='word_1_74' title='bbox 721 1010 849 1072; x_wconf 85' lang='lat' dir='ltr'><strong>multum</strong></span> <span class='ocrx_word' id='word_1_75' title='bbox 869 1010 1037 1091; x_wconf 79' lang='lat' dir='ltr'><strong>agitavisse,</strong></span> <span class='ocrx_word' id='word_1_76' title='bbox 1063 1011 1145 1072; x_wconf 85' lang='lat' dir='ltr'><strong>voltu</strong></span> <span class='ocrx_word' id='word_1_77' title='bbox 1164 1021 1196 1073; x_wconf 84' lang='lat' dir='ltr'><strong>et</strong></span> <span class='ocrx_word' id='word_1_78' title='bbox 1218 1013 1315 1074; x_wconf 91' lang='lat' dir='ltr'><strong>oculis</strong></span> 
     </span>
     <span class='ocr_line' id='line_1_10' title="bbox 206 1087 1316 1178; baseline 0.019 -38"><span class='ocrx_word' id='word_1_79' title='bbox 206 1087 341 1178; x_wconf 76' lang='grc'><strong>,666666</strong></span> <span class='ocrx_word' id='word_1_80' title='bbox 358 1091 447 1161; x_wconf 88' lang='lat' dir='ltr'><strong>atque</strong></span> <span class='ocrx_word' id='word_1_81' title='bbox 468 1087 568 1152; x_wconf 90' lang='lat' dir='ltr'><strong>animo</strong></span> <span class='ocrx_word' id='word_1_82' title='bbox 588 1090 714 1178; x_wconf 89' lang='lat' dir='ltr'><strong>varius[:</strong></span> <span class='ocrx_word' id='word_1_83' title='bbox 731 1113 806 1174; x_wconf 89' lang='lat' dir='ltr'><strong>quae</strong></span> <span class='ocrx_word' id='word_1_84' title='bbox 827 1096 940 1158; x_wconf 83' lang='lat' dir='ltr'><strong>scilicet</strong></span> <span class='ocrx_word' id='word_1_85' title='bbox 962 1103 1080 1158; x_wconf 84' lang='lat' dir='ltr'><strong>tacente</strong></span> <span class='ocrx_word' id='word_1_86' title='bbox 1101 1096 1167 1176; x_wconf 87' lang='lat' dir='ltr'><strong>ipso</strong></span> <span class='ocrx_word' id='word_1_87' title='bbox 1192 1099 1316 1160; x_wconf 87' lang='lat' dir='ltr'><strong>occulta</strong></span> 
     </span>
     <span class='ocr_line' id='line_1_11' title="bbox 197 1170 1315 1264; baseline 0.022 -44"><span class='ocrx_word' id='word_1_88' title='bbox 197 1170 359 1264; x_wconf 27' lang='lat' dir='ltr'><strong>specto-ms</strong></span> <span class='ocrx_word' id='word_1_89' title='bbox 379 1170 576 1258; x_wconf 67' lang='lat' dir='ltr'><strong>patefecisse}</strong></span> <span class='ocrx_word' id='word_1_90' title='bbox 606 1177 718 1241; x_wconf 87' lang='lat' dir='ltr'><strong>Tamen</strong></span> <span class='ocrx_word' id='word_1_91' title='bbox 739 1190 890 1260; x_wconf 84' lang='lat' dir='ltr'><strong>postremo</strong></span> <span class='ocrx_word' id='word_1_92' title='bbox 912 1180 1023 1242; x_wconf 84' lang='lat' dir='ltr'><strong>Sullam</strong></span> <span class='ocrx_word' id='word_1_93' title='bbox 1044 1181 1154 1244; x_wconf 84' lang='lat' dir='ltr'><strong>arcessi</strong></span> <span class='ocrx_word' id='word_1_94' title='bbox 1175 1181 1265 1244; x_wconf 84' lang='lat' dir='ltr'><strong>iubet</strong></span> <span class='ocrx_word' id='word_1_95' title='bbox 1284 1193 1315 1244; x_wconf 85' lang='lat' dir='ltr'><strong>et</strong></span> 
     </span>
     <span class='ocr_line' id='line_1_12' title="bbox 196 1249 1313 1351; baseline 0.022 -46"><span class='ocrx_word' id='word_1_96' title='bbox 196 1255 211 1304; x_wconf 77' lang='lat'><strong>5</strong></span> <span class='ocrx_word' id='word_1_97' title='bbox 228 1265 265 1308; x_wconf 85' lang='lat' dir='ltr'><strong>ex</strong></span> <span class='ocrx_word' id='word_1_98' title='bbox 280 1249 358 1346; x_wconf 76' lang='lat' dir='ltr'><strong>dhus</strong></span> <span class='ocrx_word' id='word_1_99' title='bbox 373 1258 520 1351; x_wconf 78' lang='lat' dir='ltr'><strong>sententia</strong></span> <span class='ocrx_word' id='word_1_100' title='bbox 535 1260 678 1326; x_wconf 88' lang='lat' dir='ltr'><strong>Numidae</strong></span> <span class='ocrx_word' id='word_1_101' title='bbox 692 1265 813 1328; x_wconf 89' lang='lat' dir='ltr'><strong>insidias</strong></span> <span class='ocrx_word' id='word_1_102' title='bbox 828 1266 931 1328; x_wconf 85' lang='lat' dir='ltr'><strong>tendit.</strong></span> <span class='ocrx_word' id='word_1_103' title='bbox 959 1265 1089 1341; x_wconf 84' lang='lat' dir='ltr'><strong>Deinde,</strong></span> <span class='ocrx_word' id='word_1_104' title='bbox 1106 1265 1159 1328; x_wconf 89' lang='lat' dir='ltr'><strong>nbi</strong></span> <span class='ocrx_word' id='word_1_105' title='bbox 1177 1267 1246 1330; x_wconf 89' lang='lat' dir='ltr'><strong>dies</strong></span> <span class='ocrx_word' id='word_1_106' title='bbox 1260 1269 1313 1330; x_wconf 93' lang='lat' dir='ltr'><strong>ad-</strong></span> 
     </span>
     <span class='ocr_line' id='line_1_13' title="bbox 227 1344 1313 1439; baseline 0.023 -46"><span class='ocrx_word' id='word_1_107' title='bbox 227 1344 313 1433; x_wconf 38' lang='lat' dir='ltr'><strong>venit·</strong></span> <span class='ocrx_word' id='word_1_108' title='bbox 330 1346 360 1398; x_wconf 87' lang='lat' dir='ltr'><strong>et</strong></span> <span class='ocrx_word' id='word_1_109' title='bbox 379 1345 599 1439; x_wconf 68' lang='lat' dir='ltr'><strong>annuntiatum</strong></span> <span class='ocrx_word' id='word_1_110' title='bbox 618 1358 663 1412; x_wconf 90' lang='lat' dir='ltr'><strong>est</strong></span> <span class='ocrx_word' id='word_1_111' title='bbox 682 1351 856 1431; x_wconf 78' lang='lat' dir='ltr'><strong>Iugurtham</strong></span> <span class='ocrx_word' id='word_1_112' title='bbox 869 1351 948 1413; x_wconf 92' lang='lat' dir='ltr'><strong>haud</strong></span> <span class='ocrx_word' id='word_1_113' title='bbox 967 1350 1075 1431; x_wconf 91' lang='lat' dir='ltr'><strong>procul</strong></span> <span class='ocrx_word' id='word_1_114' title='bbox 1096 1352 1218 1428; x_wconf 90' lang='lat' dir='ltr'><strong>abesse,</strong></span> <span class='ocrx_word' id='word_1_115' title='bbox 1242 1372 1313 1418; x_wconf 91' lang='lat' dir='ltr'><strong>cum</strong></span> 
     </span>
     <span class='ocr_line' id='line_1_14' title="bbox 228 1435 1312 1522; baseline 0.017 -40"><span class='ocrx_word' id='word_1_116' title='bbox 228 1437 333 1522; x_wconf 79' lang='lat' dir='ltr'><strong>paucis</strong></span> <span class='ocrx_word' id='word_1_117' title='bbox 345 1442 446 1490; x_wconf 80' lang='lat' dir='ltr'><strong>amicis</strong></span> <span class='ocrx_word' id='word_1_118' title='bbox 462 1438 491 1491; x_wconf 89' lang='lat' dir='ltr'><strong>et</strong></span> <span class='ocrx_word' id='word_1_119' title='bbox 502 1443 658 1511; x_wconf 85' lang='lat' dir='ltr'><strong>quaestore</strong></span> <span class='ocrx_word' id='word_1_120' title='bbox 670 1446 774 1500; x_wconf 83' lang='lat' dir='ltr'><strong>nostro</strong></span> <span class='ocrx_word' id='word_1_121' title='bbox 787 1437 871 1517; x_wconf 86' lang='lat' dir='ltr'><strong>quasi</strong></span> <span class='ocrx_word' id='word_1_122' title='bbox 882 1435 985 1498; x_wconf 88' lang='lat' dir='ltr'><strong>obvius</strong></span> <span class='ocrx_word' id='word_1_123' title='bbox 996 1436 1124 1500; x_wconf 89' lang='lat' dir='ltr'><strong>honoris</strong></span> <span class='ocrx_word' id='word_1_124' title='bbox 1134 1455 1228 1499; x_wconf 88' lang='lat' dir='ltr'><strong>causa</strong></span> <span class='ocrx_word' id='word_1_125' title='bbox 1239 1457 1312 1518; x_wconf 85' lang='lat' dir='ltr'><strong>pro-</strong></span> 
     </span>
     <span class='ocr_line' id='line_1_15' title="bbox 197 1506 1312 1586; baseline 0.019 -22"><span class='ocrx_word' id='word_1_126' title='bbox 197 1511 212 1564; x_wconf 80' lang='grc'><strong>6</strong></span> <span class='ocrx_word' id='word_1_127' title='bbox 228 1506 306 1568; x_wconf 82' lang='lat' dir='ltr'><strong>cedit</strong></span> <span class='ocrx_word' id='word_1_128' title='bbox 325 1529 356 1572; x_wconf 90' lang='lat' dir='ltr'><strong>m</strong></span> <span class='ocrx_word' id='word_1_129' title='bbox 373 1515 519 1580; x_wconf 87' lang='lat' dir='ltr'><strong>tumulum</strong></span> <span class='ocrx_word' id='word_1_130' title='bbox 537 1520 720 1584; x_wconf 84' lang='lat' dir='ltr'><strong>facillumum</strong></span> <span class='ocrx_word' id='word_1_131' title='bbox 730 1523 796 1586; x_wconf 81' lang='lat' dir='ltr'><strong>visu</strong></span> <span class='ocrx_word' id='word_1_132' title='bbox 811 1521 1031 1584; x_wconf 81' lang='lat' dir='ltr'><strong>insidiantibus.</strong></span> <span class='ocrx_word' id='word_1_133' title='bbox 1052 1521 1167 1584; x_wconf 84' lang='lat' dir='ltr'><strong>Eodem</strong></span> <span class='ocrx_word' id='word_1_134' title='bbox 1179 1522 1312 1585; x_wconf 90' lang='lat' dir='ltr'><strong>Numida</strong></span> 
     </span>
     <span class='ocr_line' id='line_1_16' title="bbox 228 1595 1310 1684; baseline 0.016 -30"><span class='ocrx_word' id='word_1_135' title='bbox 228 1610 296 1656; x_wconf 91' lang='lat' dir='ltr'><strong>cum</strong></span> <span class='ocrx_word' id='word_1_136' title='bbox 311 1595 461 1682; x_wconf 89' lang='lat' dir='ltr'><strong>plerisque</strong></span> <span class='ocrx_word' id='word_1_137' title='bbox 477 1608 651 1672; x_wconf 88' lang='lat' dir='ltr'><strong>necessariis</strong></span> <span class='ocrx_word' id='word_1_138' title='bbox 665 1609 726 1672; x_wconf 90' lang='lat' dir='ltr'><strong>suis</strong></span> <span class='ocrx_word' id='word_1_139' title='bbox 740 1608 878 1683; x_wconf 89' lang='lat' dir='ltr'><strong>inermis,</strong></span> <span class='ocrx_word' id='word_1_140' title='bbox 897 1606 942 1668; x_wconf 88' lang='lat' dir='ltr'><strong>uti</strong></span> <span class='ocrx_word' id='word_1_141' title='bbox 956 1606 1067 1668; x_wconf 92' lang='lat' dir='ltr'><strong>dictum</strong></span> <span class='ocrx_word' id='word_1_142' title='bbox 1083 1615 1160 1682; x_wconf 87' lang='lat' dir='ltr'><strong>erat,</strong></span> <span class='ocrx_word' id='word_1_143' title='bbox 1180 1609 1310 1684; x_wconf 81' lang='lat' dir='ltr'><strong>accedit,</strong></span> 
     </span>
     <span class='ocr_line' id='line_1_17' title="bbox 197 1683 1311 1774; baseline 0.014 -35"><span class='ocrx_word' id='word_1_144' title='bbox 197 1685 211 1734; x_wconf 80' lang='lat' dir='ltr'><strong>t</strong></span> <span class='ocrx_word' id='word_1_145' title='bbox 227 1683 373 1746; x_wconf 84' lang='lat' dir='ltr'><strong>aestatim</strong></span> <span class='ocrx_word' id='word_1_146' title='bbox 388 1687 473 1767; x_wconf 80' lang='lat' dir='ltr'><strong>signo</strong></span> <span class='ocrx_word' id='word_1_147' title='bbox 489 1691 557 1754; x_wconf 84' lang='lat' dir='ltr'><strong>dato</strong></span> <span class='ocrx_word' id='word_1_148' title='bbox 573 1693 706 1774; x_wconf 92' lang='lat' dir='ltr'><strong>undique</strong></span> <span class='ocrx_word' id='word_1_149' title='bbox 720 1694 807 1756; x_wconf 89' lang='lat' dir='ltr'><strong>simul</strong></span> <span class='ocrx_word' id='word_1_150' title='bbox 827 1712 862 1755; x_wconf 85' lang='lat' dir='ltr'><strong>ex</strong></span> <span class='ocrx_word' id='word_1_151' title='bbox 884 1691 997 1754; x_wconf 91' lang='lat' dir='ltr'><strong>insidiis</strong></span> <span class='ocrx_word' id='word_1_152' title='bbox 1018 1691 1177 1753; x_wconf 86' lang='lat' dir='ltr'><strong>invaditur.</strong></span> <span class='ocrx_word' id='word_1_153' title='bbox 1208 1693 1311 1756; x_wconf 86' lang='lat' dir='ltr'><strong>Ceteri</strong></span> 
     </span>
     <span class='ocr_line' id='line_1_18' title="bbox 227 1765 1310 1916; baseline 0.012 -88"><span class='ocrx_word' id='word_1_154' title='bbox 227 1765 414 1916; x_wconf 44' lang='grc'><strong>3616666616</strong></span> <span class='ocrx_word' id='word_1_155' title='bbox 429 1775 574 1858; x_wconf 84' lang='lat' dir='ltr'><strong>iugurtha</strong></span> <span class='ocrx_word' id='word_1_156' title='bbox 589 1779 688 1842; x_wconf 88' lang='lat' dir='ltr'><strong>Sullae</strong></span> <span class='ocrx_word' id='word_1_157' title='bbox 701 1779 817 1842; x_wconf 85' lang='lat' dir='ltr'><strong>vinctus</strong></span> <span class='ocrx_word' id='word_1_158' title='bbox 831 1777 964 1838; x_wconf 90' lang='lat' dir='ltr'><strong>draditur</strong></span> <span class='ocrx_word' id='word_1_159' title='bbox 978 1785 1008 1837; x_wconf 91' lang='lat' dir='ltr'><strong>et</strong></span> <span class='ocrx_word' id='word_1_160' title='bbox 1022 1777 1059 1838; x_wconf 93' lang='lat' dir='ltr'><strong>ab</strong></span> <span class='ocrx_word' id='word_1_161' title='bbox 1075 1795 1112 1838; x_wconf 93' lang='lat' dir='ltr'><strong>eo</strong></span> <span class='ocrx_word' id='word_1_162' title='bbox 1127 1776 1163 1838; x_wconf 92' lang='lat' dir='ltr'><strong>ad</strong></span> <span class='ocrx_word' id='word_1_163' title='bbox 1177 1777 1310 1840; x_wconf 85' lang='lat' dir='ltr'><strong>Marium</strong></span> 
     </span>
    </p>

    <p class='ocr_par' dir='ltr' id='par_1_3' title="bbox 158 1864 1310 2285">
     <span class='ocr_line' id='line_1_19' title="bbox 247 1864 439 1924; baseline 0.042 -10"><span class='ocrx_word' id='word_1_164' title='bbox 247 1871 263 1914; x_wconf 90' lang='lat' dir='ltr'>e</span> <span class='ocrx_word' id='word_1_165' title='bbox 285 1864 371 1920; x_wconf 88' lang='lat' dir='ltr'><strong>uetus</strong></span> <span class='ocrx_word' id='word_1_166' title='bbox 385 1870 439 1924; x_wconf 85' lang='lat' dir='ltr'><strong>est.</strong></span> 
     </span>
     <span class='ocr_line' id='line_1_20' title="bbox 158 1936 1309 2030; baseline 0.008 -28"><span class='ocrx_word' id='word_1_167' title='bbox 158 1936 211 1996; x_wconf 78' lang='lat'><strong>114</strong></span> <span class='ocrx_word' id='word_1_168' title='bbox 312 1941 370 2006; x_wconf 89' lang='lat' dir='ltr'><strong>Per</strong></span> <span class='ocrx_word' id='word_1_169' title='bbox 391 1946 469 2010; x_wconf 90' lang='lat' dir='ltr'><strong>idem</strong></span> <span class='ocrx_word' id='word_1_170' title='bbox 490 1957 607 2030; x_wconf 89' lang='lat' dir='ltr'><strong>tempus</strong></span> <span class='ocrx_word' id='word_1_171' title='bbox 627 1949 785 2012; x_wconf 82' lang='lat' dir='ltr'><strong>advorsum</strong></span> <span class='ocrx_word' id='word_1_172' title='bbox 807 1945 905 2009; x_wconf 84' lang='lat' dir='ltr'><strong>Gallos</strong></span> <span class='ocrx_word' id='word_1_173' title='bbox 925 1946 962 2009; x_wconf 91' lang='lat' dir='ltr'><strong>ab</strong></span> <span class='ocrx_word' id='word_1_174' title='bbox 983 1945 1109 2009; x_wconf 90' lang='lat' dir='ltr'><strong>ducibus</strong></span> <span class='ocrx_word' id='word_1_175' title='bbox 1133 1948 1249 2010; x_wconf 87' lang='lat' dir='ltr'><strong>nostris</strong></span> <span class='ocrx_word' id='word_1_176' title='bbox 1272 1949 1309 2021; x_wconf 82' lang='lat' dir='ltr'><strong>Q.</strong></span> 
     </span>
     <span class='ocr_line' id='line_1_21' title="bbox 228 2025 1310 2116; baseline 0.007 -28"><span class='ocrx_word' id='word_1_177' title='bbox 228 2025 375 2108; x_wconf 82' lang='lat' dir='ltr'><strong>Caepione</strong></span> <span class='ocrx_word' id='word_1_178' title='bbox 390 2042 420 2094; x_wconf 90' lang='lat' dir='ltr'><strong>et</strong></span> <span class='ocrx_word' id='word_1_179' title='bbox 435 2033 488 2096; x_wconf 87' lang='lat' dir='ltr'><strong>Cn.</strong></span> <span class='ocrx_word' id='word_1_180' title='bbox 504 2035 612 2097; x_wconf 89' lang='lat' dir='ltr'><strong>Manlio</strong></span> <span class='ocrx_word' id='word_1_181' title='bbox 626 2034 702 2097; x_wconf 91' lang='lat' dir='ltr'><strong>male</strong></span> <span class='ocrx_word' id='word_1_182' title='bbox 722 2042 903 2116; x_wconf 79' lang='lat' dir='ltr'><strong>pugnatum3</strong></span> <span class='ocrx_word' id='word_1_183' title='bbox 926 2050 985 2111; x_wconf 92' lang='lat' dir='ltr'><strong>quo</strong></span> <span class='ocrx_word' id='word_1_184' title='bbox 1006 2040 1088 2092; x_wconf 85' lang='lat' dir='ltr'><strong>metu</strong></span> <span class='ocrx_word' id='word_1_185' title='bbox 1102 2031 1184 2094; x_wconf 87' lang='lat' dir='ltr'><strong>ltalia</strong></span> <span class='ocrx_word' id='word_1_186' title='bbox 1205 2035 1310 2096; x_wconf 90' lang='lat' dir='ltr'><strong>omnis</strong></span> 
     </span>
     <span class='ocr_line' id='line_1_22' title="bbox 195 2116 1308 2200; baseline 0.01 -30"><span class='ocrx_word' id='word_1_187' title='bbox 195 2117 211 2168; x_wconf 84' lang='lat'>2</span> <span class='ocrx_word' id='word_1_188' title='bbox 228 2118 417 2180; x_wconf 86' lang='lat' dir='ltr'><strong>contremuit.</strong></span> <span class='ocrx_word' id='word_1_189' title='bbox 446 2119 581 2199; x_wconf 91' lang='lat' dir='ltr'><strong>lllimque</strong></span> <span class='ocrx_word' id='word_1_190' title='bbox 603 2119 755 2200; x_wconf 90' lang='lat' dir='ltr'><strong>usquead</strong></span> <span class='ocrx_word' id='word_1_191' title='bbox 778 2127 909 2181; x_wconf 89' lang='lat' dir='ltr'><strong>nostram</strong></span> <span class='ocrx_word' id='word_1_192' title='bbox 930 2116 1103 2178; x_wconf 87' lang='lat' dir='ltr'><strong>memoriam</strong></span> <span class='ocrx_word' id='word_1_193' title='bbox 1117 2117 1249 2180; x_wconf 87' lang='lat' dir='ltr'><strong>Romani</strong></span> <span class='ocrx_word' id='word_1_194' title='bbox 1265 2120 1308 2181; x_wconf 92' lang='lat' dir='ltr'><strong>sic</strong></span> 
     </span>
     <span class='ocr_line' id='line_1_23' title="bbox 227 2200 1309 2285; baseline 0.006 -25"><span class='ocrx_word' id='word_1_195' title='bbox 227 2200 373 2278; x_wconf 87' lang='lat' dir='ltr'><strong>habuere,</strong></span> <span class='ocrx_word' id='word_1_196' title='bbox 396 2203 451 2265; x_wconf 88' lang='lat' dir='ltr'><strong>alia</strong></span> <span class='ocrx_word' id='word_1_197' title='bbox 467 2205 567 2266; x_wconf 89' lang='lat' dir='ltr'><strong>omnia</strong></span> <span class='ocrx_word' id='word_1_198' title='bbox 581 2203 681 2268; x_wconf 88' lang='lat' dir='ltr'><strong>virtuti</strong></span> <span class='ocrx_word' id='word_1_199' title='bbox 696 2222 766 2266; x_wconf 89' lang='lat' dir='ltr'><strong>suae</strong></span> <span class='ocrx_word' id='word_1_200' title='bbox 781 2221 877 2285; x_wconf 88' lang='lat' dir='ltr'><strong>prona</strong></span> <span class='ocrx_word' id='word_1_201' title='bbox 893 2220 972 2278; x_wconf 91' lang='lat' dir='ltr'><strong>esse,</strong></span> <span class='ocrx_word' id='word_1_202' title='bbox 994 2221 1063 2263; x_wconf 93' lang='lat' dir='ltr'><strong>cum</strong></span> <span class='ocrx_word' id='word_1_203' title='bbox 1078 2201 1164 2264; x_wconf 81' lang='lat' dir='ltr'><strong>Callis</strong></span> <span class='ocrx_word' id='word_1_204' title='bbox 1185 2221 1244 2283; x_wconf 85' lang='lat' dir='ltr'><strong>pro</strong></span> <span class='ocrx_word' id='word_1_205' title='bbox 1260 2224 1309 2266; x_wconf 88' lang='lat' dir='ltr'><strong>sa-</strong></span> 
     </span>
    </p>
   </div>
   <div class='ocr_carea' id='block_1_3' title="bbox 163 2350 1309 3984">
    <p class='ocr_par' dir='ltr' id='par_1_4' title="bbox 163 2350 1309 3984">
     <span class='ocr_line' id='line_1_24' title="bbox 228 2350 1308 2418; baseline 0.006 -17"><span class='ocrx_word' id='word_1_206' title='bbox 228 2350 363 2404; x_wconf 90' lang='lat' dir='ltr'><strong>sohlossen</strong></span> <span class='ocrx_word' id='word_1_207' title='bbox 391 2352 479 2406; x_wconf 85' lang='lat' dir='ltr'><strong>stellte</strong></span> <span class='ocrx_word' id='word_1_208' title='bbox 512 2353 564 2406; x_wconf 91' lang='lat' dir='ltr'><strong>und</strong></span> <span class='ocrx_word' id='word_1_209' title='bbox 593 2356 675 2406; x_wconf 79' lang='lat' dir='ltr'><strong>etwas</strong></span> <span class='ocrx_word' id='word_1_210' title='bbox 704 2353 742 2406; x_wconf 90' lang='lat' dir='ltr'><strong>im</strong></span> <span class='ocrx_word' id='word_1_211' title='bbox 793 2353 864 2406; x_wconf 82' lang='lat' dir='ltr'><strong>Galli</strong></span> <span class='ocrx_word' id='word_1_212' title='bbox 875 2350 1046 2418; x_wconf 79' lang='lat' dir='ltr'><strong>mithegrilien</strong></span> <span class='ocrx_word' id='word_1_213' title='bbox 1058 2352 1170 2417; x_wconf 85' lang='lat' dir='ltr'><strong>werden,</strong></span> <span class='ocrx_word' id='word_1_214' title='bbox 1188 2352 1308 2408; x_wconf 83' lang='lat' dir='ltr'><strong>landam</strong></span> 
     </span>
     <span class='ocr_line' id='line_1_25' title="bbox 228 2417 1309 2487; baseline 0.004 -15"><span class='ocrx_word' id='word_1_215' title='bbox 228 2417 332 2472; x_wconf 88' lang='lat' dir='ltr'><strong>Schilde</strong></span> <span class='ocrx_word' id='word_1_216' title='bbox 353 2420 452 2487; x_wconf 84' lang='grc'><strong>161616,</strong></span> <span class='ocrx_word' id='word_1_217' title='bbox 477 2420 538 2476; x_wconf 85' lang='grc'><strong>6666</strong></span> <span class='ocrx_word' id='word_1_218' title='bbox 559 2421 676 2474; x_wconf 90' lang='lat' dir='ltr'><strong>wirldicb</strong></span> <span class='ocrx_word' id='word_1_219' title='bbox 694 2437 741 2474; x_wconf 90' lang='lat' dir='ltr'><strong>un·</strong></span> <span class='ocrx_word' id='word_1_220' title='bbox 791 2425 816 2476; x_wconf 91' lang='lat'><strong>6.</strong></span> <span class='ocrx_word' id='word_1_221' title='bbox 830 2419 1309 2486; x_wconf 63' lang='grc'><strong>0161666661.64966516616666-</strong></span> 
     </span>
     <span class='ocr_line' id='line_1_26' title="bbox 228 2487 1308 2553; baseline 0.004 -13"><span class='ocrx_word' id='word_1_222' title='bbox 228 2487 480 2551; x_wconf 86' lang='lat' dir='ltr'><strong>entscblossenwar;</strong></span> <span class='ocrx_word' id='word_1_223' title='bbox 494 2490 739 2552; x_wconf 73' lang='lat' dir='ltr'><strong>abertdasletztere</strong></span> <span class='ocrx_word' id='word_1_224' title='bbox 790 2491 830 2542; x_wconf 89' lang='lat' dir='ltr'><strong>sio</strong></span> <span class='ocrx_word' id='word_1_225' title='bbox 854 2505 896 2542; x_wconf 87' lang='lat' dir='ltr'><strong>em</strong></span> <span class='ocrx_word' id='word_1_226' title='bbox 919 2488 1057 2541; x_wconf 86' lang='lat' dir='ltr'><strong>Rhodanus</strong></span> <span class='ocrx_word' id='word_1_227' title='bbox 1079 2492 1156 2553; x_wconf 78' lang='lat' dir='ltr'><strong>stata,</strong></span> <span class='ocrx_word' id='word_1_228' title='bbox 1179 2489 1308 2544; x_wconf 75' lang='lat' dir='ltr'><strong>wihrend</strong></span> 
     </span>
     <span class='ocr_line' id='line_1_27' title="bbox 227 2556 1307 2622; baseline 0.004 -14"><span class='ocrx_word' id='word_1_229' title='bbox 227 2557 262 2609; x_wconf 87' lang='lat' dir='ltr'><strong>ist</strong></span> <span class='ocrx_word' id='word_1_230' title='bbox 270 2557 522 2620; x_wconf 87' lang='lat' dir='ltr'><strong>wabrseheinlicher;</strong></span> <span class='ocrx_word' id='word_1_231' title='bbox 531 2558 609 2622; x_wconf 85' lang='grc'><strong>6666)</strong></span> <span class='ocrx_word' id='word_1_232' title='bbox 618 2560 739 2612; x_wconf 85' lang='lat' dir='ltr'><strong>meisten·</strong></span> <span class='ocrx_word' id='word_1_233' title='bbox 789 2557 885 2610; x_wconf 84' lang='lat' dir='ltr'><strong>Marius</strong></span> <span class='ocrx_word' id='word_1_234' title='bbox 912 2557 979 2610; x_wconf 91' lang='lat' dir='ltr'><strong>noch</strong></span> <span class='ocrx_word' id='word_1_235' title='bbox 1004 2556 1032 2608; x_wconf 94' lang='lat' dir='ltr'><strong>in</strong></span> <span class='ocrx_word' id='word_1_236' title='bbox 1054 2556 1145 2608; x_wconf 78' lang='lat' dir='ltr'><strong>Airika</strong></span> <span class='ocrx_word' id='word_1_237' title='bbox 1169 2572 1230 2610; x_wconf 87' lang='lat' dir='ltr'><strong>war.</strong></span> <span class='ocrx_word' id='word_1_238' title='bbox 1274 2559 1307 2612; x_wconf 84' lang='lat' dir='ltr'><strong>Er</strong></span> 
     </span>
     <span class='ocr_line' id='line_1_28' title="bbox 227 2621 1306 2694; baseline 0.002 -16"><span class='ocrx_word' id='word_1_239' title='bbox 227 2621 737 2694; x_wconf 67' lang='grc'><strong>1611666666111666666616663666163</strong></span> <span class='ocrx_word' id='word_1_240' title='bbox 790 2623 1306 2692; x_wconf 62' lang='grc'><strong>61161666611663666666666661616666,</strong></span> 
     </span>
     <span class='ocr_line' id='line_1_29' title="bbox 261 2692 1305 2764; baseline 0 -17"><span class='ocrx_word' id='word_1_241' title='bbox 261 2697 284 2748; x_wconf 77' lang='grc'><strong>2.</strong></span> <span class='ocrx_word' id='word_1_242' title='bbox 302 2698 332 2748; x_wconf 80' lang='lat' dir='ltr'><strong>in</strong></span> <span class='ocrx_word' id='word_1_243' title='bbox 350 2697 522 2764; x_wconf 77' lang='lat' dir='ltr'><strong>conloquium</strong></span> <span class='ocrx_word' id='word_1_244' title='bbox 540 2703 602 2752; x_wconf 77' lang='lat' dir='ltr'><strong>etc:</strong></span> <span class='ocrx_word' id='word_1_245' title='bbox 621 2696 676 2750; x_wconf 88' lang='lat' dir='ltr'><strong>also</strong></span> <span class='ocrx_word' id='word_1_246' title='bbox 695 2694 739 2748; x_wconf 88' lang='lat' dir='ltr'><strong>der</strong></span> <span class='ocrx_word' id='word_1_247' title='bbox 789 2693 904 2760; x_wconf 79' lang='lat' dir='ltr'><strong>ubergab</strong></span> <span class='ocrx_word' id='word_1_248' title='bbox 917 2709 949 2747; x_wconf 85' lang='grc'><strong>66</strong></span> <span class='ocrx_word' id='word_1_249' title='bbox 958 2692 1075 2748; x_wconf 91' lang='lat' dir='ltr'><strong>Bocchus</strong></span> <span class='ocrx_word' id='word_1_250' title='bbox 1086 2693 1137 2746; x_wconf 90' lang='lat' dir='ltr'><strong>den</strong></span> <span class='ocrx_word' id='word_1_251' title='bbox 1150 2694 1305 2747; x_wconf 88' lang='lat' dir='ltr'><strong>westlichen</strong></span> 
     </span>
     <span class='ocr_line' id='line_1_30' title="bbox 225 2760 1306 2832; baseline 0.002 -18"><span class='ocrx_word' id='word_1_252' title='bbox 225 2761 738 2832; x_wconf 65' lang='grc'><strong>6611666666666661666611666666616.</strong></span> <span class='ocrx_word' id='word_1_253' title='bbox 790 2760 848 2814; x_wconf 82' lang='lat' dir='ltr'><strong>&#39;leil</strong></span> <span class='ocrx_word' id='word_1_254' title='bbox 869 2778 920 2816; x_wconf 87' lang='lat' dir='ltr'><strong>von</strong></span> <span class='ocrx_word' id='word_1_255' title='bbox 946 2761 1081 2814; x_wconf 84' lang='lat' dir='ltr'><strong>Numidico</strong></span> <span class='ocrx_word' id='word_1_256' title='bbox 1103 2761 1233 2814; x_wconf 83' lang='lat' dir='ltr'><strong>zwischen</strong></span> <span class='ocrx_word' id='word_1_257' title='bbox 1254 2763 1306 2816; x_wconf 89' lang='grc'><strong>666</strong></span> 
     </span>
     <span class='ocr_line' id='line_1_31' title="bbox 260 2827 1306 2898; baseline -0.003 -12"><span class='ocrx_word' id='word_1_258' title='bbox 260 2834 284 2886; x_wconf 88' lang='grc'><strong>3.</strong></span> <span class='ocrx_word' id='word_1_259' title='bbox 293 2834 407 2886; x_wconf 77' lang='lat' dir='ltr'><strong>seilicet:</strong></span> <span class='ocrx_word' id='word_1_260' title='bbox 417 2849 450 2886; x_wconf 83' lang='lat' dir='ltr'><strong>zu</strong></span> <span class='ocrx_word' id='word_1_261' title='bbox 459 2837 484 2898; x_wconf 86' lang='lat'><strong>4,</strong></span> <span class='ocrx_word' id='word_1_262' title='bbox 495 2835 518 2886; x_wconf 89' lang='lat'><strong>6.</strong></span> <span class='ocrx_word' id='word_1_263' title='bbox 529 2829 597 2896; x_wconf 81' lang='grc'><strong>(8.6.</strong></span> <span class='ocrx_word' id='word_1_264' title='bbox 609 2829 737 2897; x_wconf 77' lang='lat' dir='ltr'><strong>Anhang.)</strong></span> <span class='ocrx_word' id='word_1_265' title='bbox 789 2828 898 2882; x_wconf 75' lang='grc'><strong>6166666</strong></span> <span class='ocrx_word' id='word_1_266' title='bbox 920 2827 1069 2882; x_wconf 75' lang='lat' dir='ltr'><strong>Molochath</strong></span> <span class='ocrx_word' id='word_1_267' title='bbox 1095 2829 1147 2882; x_wconf 89' lang='grc'><strong>666</strong></span> <span class='ocrx_word' id='word_1_268' title='bbox 1170 2827 1306 2883; x_wconf 83' lang='lat' dir='ltr'><strong>Nasavath</strong></span> 
     </span>
     <span class='ocr_line' id='line_1_32' title="bbox 262 2894 1305 2964; baseline -0.004 -9"><span class='ocrx_word' id='word_1_269' title='bbox 262 2905 288 2956; x_wconf 90' lang='grc'><strong>6.</strong></span> <span class='ocrx_word' id='word_1_270' title='bbox 305 2905 428 2954; x_wconf 56' lang='lat' dir='ltr'><strong>inerma:</strong></span> <span class='ocrx_word' id='word_1_271' title='bbox 447 2915 493 2952; x_wconf 89' lang='lat' dir='ltr'><strong>aus</strong></span> <span class='ocrx_word' id='word_1_272' title='bbox 512 2900 570 2952; x_wconf 90' lang='lat' dir='ltr'><strong>dem</strong></span> <span class='ocrx_word' id='word_1_273' title='bbox 586 2899 679 2952; x_wconf 82' lang='lat' dir='ltr'><strong>Zusatz</strong></span> <span class='ocrx_word' id='word_1_274' title='bbox 697 2899 739 2950; x_wconf 81' lang='lat' dir='ltr'><strong>uti</strong></span> <span class='ocrx_word' id='word_1_275' title='bbox 789 2898 841 2950; x_wconf 90' lang='grc'><strong>666</strong></span> <span class='ocrx_word' id='word_1_276' title='bbox 860 2897 951 2964; x_wconf 76' lang='lat' dir='ltr'><strong>schlug</strong></span> <span class='ocrx_word' id='word_1_277' title='bbox 972 2897 1013 2949; x_wconf 89' lang='lat' dir='ltr'><strong>die</strong></span> <span class='ocrx_word' id='word_1_278' title='bbox 1031 2897 1077 2948; x_wconf 84' lang='lat' dir='ltr'><strong>Em</strong></span> <span class='ocrx_word' id='word_1_279' title='bbox 1097 2894 1169 2949; x_wconf 89' lang='lat' dir='ltr'><strong>orien</strong></span> <span class='ocrx_word' id='word_1_280' title='bbox 1190 2897 1244 2950; x_wconf 91' lang='lat' dir='ltr'><strong>und</strong></span> <span class='ocrx_word' id='word_1_281' title='bbox 1264 2898 1305 2951; x_wconf 89' lang='lat' dir='ltr'><strong>die</strong></span> 
     </span>
     <span class='ocr_line' id='line_1_33' title="bbox 226 2913 1303 3033; baseline -0.001 -12"><span class='ocrx_word' id='word_1_282' title='bbox 226 2970 328 3022; x_wconf 81' lang='lat' dir='ltr'><strong>dictum</strong></span> <span class='ocrx_word' id='word_1_283' title='bbox 345 2968 469 3022; x_wconf 73' lang='grc'><strong>6661666</strong></span> <span class='ocrx_word' id='word_1_284' title='bbox 487 2967 531 3019; x_wconf 89' lang='grc'><strong>666</strong></span> <span class='ocrx_word' id='word_1_285' title='bbox 548 2980 648 3032; x_wconf 80' lang='lat' dir='ltr'><strong>genzen</strong></span> <span class='ocrx_word' id='word_1_286' title='bbox 660 2965 739 3017; x_wconf 77' lang='grc'><strong>66616-</strong></span> <span class='ocrx_word' id='word_1_287' title='bbox 790 2913 1303 3033; x_wconf 52' lang='lat' dir='ltr'><strong>Syrtengegendenznervinzhiriha:</strong></span> 
     </span>
     <span class='ocr_line' id='line_1_34' title="bbox 225 3032 1305 3104; baseline -0.001 -16"><span class='ocrx_word' id='word_1_288' title='bbox 225 3036 283 3104; x_wconf 73' lang='lat' dir='ltr'><strong>lage</strong></span> <span class='ocrx_word' id='word_1_289' title='bbox 296 3053 323 3090; x_wconf 89' lang='lat' dir='ltr'><strong>er</strong></span> <span class='ocrx_word' id='word_1_290' title='bbox 342 3037 396 3090; x_wconf 83' lang='lat' dir='ltr'><strong>&#39;ebt</strong></span> <span class='ocrx_word' id='word_1_291' title='bbox 408 3036 471 3098; x_wconf 88' lang='lat' dir='ltr'><strong>sich,</strong></span> <span class='ocrx_word' id='word_1_292' title='bbox 484 3035 539 3087; x_wconf 86' lang='lat' dir='ltr'><strong>dais</strong></span> <span class='ocrx_word' id='word_1_293' title='bbox 552 3034 607 3086; x_wconf 89' lang='lat' dir='ltr'><strong>dies</strong></span> <span class='ocrx_word' id='word_1_294' title='bbox 616 3032 687 3086; x_wconf 85' lang='lat' dir='ltr'><strong>nicht</strong></span> <span class='ocrx_word' id='word_1_295' title='bbox 699 3033 738 3086; x_wconf 87' lang='lat' dir='ltr'><strong>als</strong></span> <span class='ocrx_word' id='word_1_296' title='bbox 789 3033 834 3086; x_wconf 88' lang='lat' dir='ltr'><strong>der</strong></span> <span class='ocrx_word' id='word_1_297' title='bbox 859 3033 1022 3088; x_wconf 83' lang='lat' dir='ltr'><strong>daawiscben</strong></span> <span class='ocrx_word' id='word_1_298' title='bbox 1047 3032 1166 3099; x_wconf 78' lang='lat' dir='ltr'><strong>liegende</strong></span> <span class='ocrx_word' id='word_1_299' title='bbox 1192 3033 1305 3088; x_wconf 76' lang='lat' dir='ltr'><strong>bsiliche</strong></span> 
     </span>
     <span class='ocr_line' id='line_1_35' title="bbox 226 3099 1303 3170; baseline -0.002 -14"><span class='ocrx_word' id='word_1_300' title='bbox 226 3103 300 3159; x_wconf 89' lang='lat' dir='ltr'><strong>Nom.</strong></span> <span class='ocrx_word' id='word_1_301' title='bbox 337 3105 390 3170; x_wconf 80' lang='lat' dir='ltr'><strong>ing.</strong></span> <span class='ocrx_word' id='word_1_302' title='bbox 408 3102 518 3156; x_wconf 91' lang='lat' dir='ltr'><strong>sondern</strong></span> <span class='ocrx_word' id='word_1_303' title='bbox 535 3101 574 3154; x_wconf 87' lang='lat' dir='ltr'><strong>als</strong></span> <span class='ocrx_word' id='word_1_304' title='bbox 590 3100 649 3154; x_wconf 80' lang='lat' dir='ltr'><strong>Abi.</strong></span> <span class='ocrx_word' id='word_1_305' title='bbox 667 3099 737 3154; x_wconf 89' lang='lat' dir='ltr'><strong>Plur.</strong></span> <span class='ocrx_word' id='word_1_306' title='bbox 788 3101 846 3154; x_wconf 85' lang='lat' dir='ltr'><strong>&#39;leil</strong></span> <span class='ocrx_word' id='word_1_307' title='bbox 863 3101 1063 3154; x_wconf 87' lang='lat' dir='ltr'><strong>vonNumidien</strong></span> <span class='ocrx_word' id='word_1_308' title='bbox 1080 3099 1140 3154; x_wconf 82' lang='lat' dir='ltr'><strong>kam</strong></span> <span class='ocrx_word' id='word_1_309' title='bbox 1158 3117 1190 3154; x_wconf 89' lang='lat' dir='ltr'><strong>en</strong></span> <span class='ocrx_word' id='word_1_310' title='bbox 1203 3100 1303 3168; x_wconf 83' lang='lat' dir='ltr'><strong>Gaude,</strong></span> 
     </span>
     <span class='ocr_line' id='line_1_36' title="bbox 225 3169 1303 3238; baseline 0.002 -16"><span class='ocrx_word' id='word_1_311' title='bbox 225 3186 278 3224; x_wconf 84' lang='lat' dir='ltr'><strong>von</strong></span> <span class='ocrx_word' id='word_1_312' title='bbox 296 3171 340 3224; x_wconf 90' lang='lat' dir='ltr'><strong>der</strong></span> <span class='ocrx_word' id='word_1_313' title='bbox 357 3169 513 3224; x_wconf 84' lang='lat' dir='ltr'><strong>Nebeniorm</strong></span> <span class='ocrx_word' id='word_1_314' title='bbox 531 3172 661 3236; x_wconf 72' lang='lat' dir='ltr'><strong>inermus,</strong></span> <span class='ocrx_word' id='word_1_315' title='bbox 686 3170 737 3222; x_wconf 90' lang='lat' dir='ltr'><strong>wie</strong></span> <span class='ocrx_word' id='word_1_316' title='bbox 789 3169 839 3222; x_wconf 91' lang='lat' dir='ltr'><strong>den</strong></span> <span class='ocrx_word' id='word_1_317' title='bbox 857 3169 921 3238; x_wconf 85' lang='lat' dir='ltr'><strong>llep.</strong></span> <span class='ocrx_word' id='word_1_318' title='bbox 940 3173 972 3224; x_wconf 81' lang='lat'><strong>65</strong></span> <span class='ocrx_word' id='word_1_319' title='bbox 990 3173 1135 3236; x_wconf 79' lang='lat' dir='ltr'><strong>genennten</strong></span> <span class='ocrx_word' id='word_1_320' title='bbox 1152 3169 1237 3222; x_wconf 84' lang='lat' dir='ltr'><strong>Eukel</strong></span> <span class='ocrx_word' id='word_1_321' title='bbox 1255 3170 1303 3224; x_wconf 84' lang='lat' dir='ltr'><strong>des</strong></span> 
     </span>
     <span class='ocr_line' id='line_1_37' title="bbox 227 3237 930 3304; baseline -0.003 -12"><span class='ocrx_word' id='word_1_322' title='bbox 227 3243 284 3304; x_wconf 77' lang='lat'><strong>107,</strong></span> <span class='ocrx_word' id='word_1_323' title='bbox 304 3243 326 3303; x_wconf 93' lang='lat'><strong>1,</strong></span> <span class='ocrx_word' id='word_1_324' title='bbox 344 3254 377 3291; x_wconf 84' lang='lat' dir='ltr'><strong>au</strong></span> <span class='ocrx_word' id='word_1_325' title='bbox 394 3238 504 3290; x_wconf 85' lang='lat' dir='ltr'><strong>nehmen</strong></span> <span class='ocrx_word' id='word_1_326' title='bbox 521 3238 564 3290; x_wconf 88' lang='lat' dir='ltr'><strong>ist.</strong></span> <span class='ocrx_word' id='word_1_327' title='bbox 786 3237 930 3290; x_wconf 86' lang='lat' dir='ltr'><strong>Masinissa.</strong></span> 
     </span>
     <span class='ocr_line' id='line_1_38' title="bbox 260 3304 1303 3372; baseline 0 -14"><span class='ocrx_word' id='word_1_328' title='bbox 260 3310 284 3359; x_wconf 88' lang='grc'><strong>’1.</strong></span> <span class='ocrx_word' id='word_1_329' title='bbox 303 3307 434 3372; x_wconf 75' lang='lat' dir='ltr'><strong>Iugurtha</strong></span> <span class='ocrx_word' id='word_1_330' title='bbox 453 3313 516 3358; x_wconf 82' lang='lat' dir='ltr'><strong>etc:</strong></span> <span class='ocrx_word' id='word_1_331' title='bbox 536 3306 577 3359; x_wconf 93' lang='lat' dir='ltr'><strong>die</strong></span> <span class='ocrx_word' id='word_1_332' title='bbox 594 3304 736 3371; x_wconf 78' lang='lat' dir='ltr'><strong>Gelengeu-</strong></span> <span class='ocrx_word' id='word_1_333' title='bbox 822 3309 846 3360; x_wconf 82' lang='lat'><strong>2.</strong></span> <span class='ocrx_word' id='word_1_334' title='bbox 864 3305 995 3372; x_wconf 81' lang='lat' dir='ltr'><strong>illimque:</strong></span> <span class='ocrx_word' id='word_1_335' title='bbox 1008 3331 1043 3352; x_wconf 57' lang='grc' dir='ltr'>ε</span> <span class='ocrx_word' id='word_1_336' title='bbox 1055 3322 1090 3356; x_wconf 76' lang='lat' dir='ltr'><strong>ee</strong></span> <span class='ocrx_word' id='word_1_337' title='bbox 1106 3305 1154 3357; x_wconf 79' lang='lat' dir='ltr'><strong>illo</strong></span> <span class='ocrx_word' id='word_1_338' title='bbox 1172 3310 1303 3372; x_wconf 70' lang='lat' dir='ltr'><strong>tenpore.</strong></span> 
     </span>
     <span class='ocr_line' id='line_1_39' title="bbox 163 3373 1304 3441; baseline -0.002 -13"><span class='ocrx_word' id='word_1_339' title='bbox 163 3399 168 3418; x_wconf 63' lang='grc' dir='ltr'><em>ι</em></span> <span class='ocrx_word' id='word_1_340' title='bbox 227 3375 356 3440; x_wconf 79' lang='lat' dir='ltr'><strong>nehmung</strong></span> <span class='ocrx_word' id='word_1_341' title='bbox 374 3374 482 3441; x_wconf 78' lang='lat' dir='ltr'><strong>eriolgte</strong></span> <span class='ocrx_word' id='word_1_342' title='bbox 499 3374 534 3426; x_wconf 92' lang='lat' dir='ltr'><strong>im</strong></span> <span class='ocrx_word' id='word_1_343' title='bbox 552 3373 576 3428; x_wconf 89' lang='lat' dir='ltr'><strong>J.</strong></span> <span class='ocrx_word' id='word_1_344' title='bbox 590 3376 639 3427; x_wconf 86' lang='grc'><strong>649</strong></span> <span class='ocrx_word' id='word_1_345' title='bbox 657 3375 737 3439; x_wconf 85' lang='grc'><strong>(105).</strong></span> <span class='ocrx_word' id='word_1_346' title='bbox 822 3375 859 3426; x_wconf 85' lang='lat' dir='ltr'><strong>ad</strong></span> <span class='ocrx_word' id='word_1_347' title='bbox 868 3379 987 3426; x_wconf 75' lang='lat' dir='ltr'><strong>nostr-am</strong></span> <span class='ocrx_word' id='word_1_348' title='bbox 999 3377 1166 3426; x_wconf 79' lang='lat' dir='ltr'><strong>memoriam:</strong></span> <span class='ocrx_word' id='word_1_349' title='bbox 1187 3375 1304 3426; x_wconf 75' lang='lat' dir='ltr'><strong>unsvei-</strong></span> 
     </span>
     <span class='ocr_line' id='line_1_40' title="bbox 258 3439 1301 3510; baseline 0 -14"><span class='ocrx_word' id='word_1_350' title='bbox 258 3441 319 3498; x_wconf 78' lang='lat'><strong>114.</strong></span> <span class='ocrx_word' id='word_1_351' title='bbox 344 3447 365 3496; x_wconf 86' lang='lat'><strong>1.</strong></span> <span class='ocrx_word' id='word_1_352' title='bbox 408 3459 437 3494; x_wconf 82' lang='lat' dir='ltr'><strong>er</strong></span> <span class='ocrx_word' id='word_1_353' title='bbox 458 3443 528 3494; x_wconf 83' lang='lat' dir='ltr'><strong>idem</strong></span> <span class='ocrx_word' id='word_1_354' title='bbox 552 3445 736 3508; x_wconf 70' lang='grc'><strong>1666666166</strong></span> <span class='ocrx_word' id='word_1_355' title='bbox 787 3441 1062 3510; x_wconf 75' lang='lat' dir='ltr'><strong>dentigehnspielung</strong></span> <span class='ocrx_word' id='word_1_356' title='bbox 1078 3441 1124 3494; x_wconf 85' lang='grc'><strong>661</strong></span> <span class='ocrx_word' id='word_1_357' title='bbox 1135 3441 1226 3495; x_wconf 79' lang='lat' dir='ltr'><strong>(lisam</strong></span> <span class='ocrx_word' id='word_1_358' title='bbox 1238 3439 1301 3496; x_wconf 88' lang='lat' dir='ltr'><strong>Ver·</strong></span> 
     </span>
     <span class='ocr_line' id='line_1_41' title="bbox 226 3507 1302 3577; baseline -0.002 -13"><span class='ocrx_word' id='word_1_359' title='bbox 226 3511 270 3564; x_wconf 88' lang='lat' dir='ltr'><strong>der</strong></span> <span class='ocrx_word' id='word_1_360' title='bbox 292 3509 373 3576; x_wconf 76' lang='lat' dir='ltr'><strong>ungld</strong></span> <span class='ocrx_word' id='word_1_361' title='bbox 417 3511 473 3563; x_wconf 89' lang='lat' dir='ltr'><strong>&#39;che</strong></span> <span class='ocrx_word' id='word_1_362' title='bbox 495 3510 590 3577; x_wconf 83' lang='lat' dir='ltr'><strong>Kampi</strong></span> <span class='ocrx_word' id='word_1_363' title='bbox 611 3510 656 3563; x_wconf 88' lang='lat' dir='ltr'><strong>des</strong></span> <span class='ocrx_word' id='word_1_364' title='bbox 674 3507 737 3561; x_wconf 93' lang='lat' dir='ltr'><strong>Pro·</strong></span> <span class='ocrx_word' id='word_1_365' title='bbox 788 3511 888 3564; x_wconf 87' lang='lat' dir='ltr'><strong>dienste</strong></span> <span class='ocrx_word' id='word_1_366' title='bbox 899 3509 979 3564; x_wconf 86' lang='lat' dir='ltr'><strong>durch</strong></span> <span class='ocrx_word' id='word_1_367' title='bbox 992 3509 1169 3576; x_wconf 79' lang='lat' dir='ltr'><strong>Beawingung</strong></span> <span class='ocrx_word' id='word_1_368' title='bbox 1186 3508 1238 3562; x_wconf 90' lang='grc'><strong>666</strong></span> <span class='ocrx_word' id='word_1_369' title='bbox 1254 3509 1302 3562; x_wconf 82' lang='lat' dir='ltr'><strong>Er·</strong></span> 
     </span>
     <span class='ocr_line' id='line_1_42' title="bbox 224 3576 1300 3646; baseline 0.001 -16"><span class='ocrx_word' id='word_1_370' title='bbox 224 3577 320 3632; x_wconf 84' lang='lat' dir='ltr'><strong>konsul</strong></span> <span class='ocrx_word' id='word_1_371' title='bbox 336 3576 365 3640; x_wconf 85' lang='lat' dir='ltr'><strong>Q.</strong></span> <span class='ocrx_word' id='word_1_372' title='bbox 378 3577 502 3632; x_wconf 86' lang='lat' dir='ltr'><strong>Servilius</strong></span> <span class='ocrx_word' id='word_1_373' title='bbox 515 3577 608 3646; x_wconf 80' lang='lat' dir='ltr'><strong>Caepio</strong></span> <span class='ocrx_word' id='word_1_374' title='bbox 621 3577 673 3630; x_wconf 92' lang='grc'><strong>666</strong></span> <span class='ocrx_word' id='word_1_375' title='bbox 691 3576 736 3630; x_wconf 90' lang='lat' dir='ltr'><strong>des</strong></span> <span class='ocrx_word' id='word_1_376' title='bbox 787 3579 903 3645; x_wconf 79' lang='lat' dir='ltr'><strong>obernng</strong></span> <span class='ocrx_word' id='word_1_377' title='bbox 915 3577 1040 3641; x_wconf 73' lang='lat' dir='ltr'><strong>Gallicus,</strong></span> <span class='ocrx_word' id='word_1_378' title='bbox 1053 3577 1105 3644; x_wconf 76' lang='lat' dir='ltr'><strong>vgl.</strong></span> <span class='ocrx_word' id='word_1_379' title='bbox 1116 3578 1168 3630; x_wconf 87' lang='lat' dir='ltr'><strong>Cic.</strong></span> <span class='ocrx_word' id='word_1_380' title='bbox 1180 3577 1213 3630; x_wconf 97' lang='grc'><strong>66</strong></span> <span class='ocrx_word' id='word_1_381' title='bbox 1225 3594 1300 3646; x_wconf 81' lang='lat' dir='ltr'><strong>prov.</strong></span> 
     </span>
     <span class='ocr_line' id='line_1_43' title="bbox 225 3645 936 3712; baseline -0.001 -14"><span class='ocrx_word' id='word_1_382' title='bbox 225 3646 324 3700; x_wconf 83' lang='lat' dir='ltr'><strong>lionsul</strong></span> <span class='ocrx_word' id='word_1_383' title='bbox 336 3645 380 3698; x_wconf 86' lang='lat' dir='ltr'><strong>Gn.</strong></span> <span class='ocrx_word' id='word_1_384' title='bbox 392 3645 503 3698; x_wconf 86' lang='lat' dir='ltr'><strong>Manlius</strong></span> <span class='ocrx_word' id='word_1_385' title='bbox 514 3645 640 3698; x_wconf 84' lang='lat' dir='ltr'><strong>Maximus</strong></span> <span class='ocrx_word' id='word_1_386' title='bbox 653 3660 736 3712; x_wconf 63' lang='lat' dir='ltr'><strong>regen</strong></span> <span class='ocrx_word' id='word_1_387' title='bbox 786 3661 857 3699; x_wconf 89' lang='lat' dir='ltr'><strong>cons.</strong></span> <span class='ocrx_word' id='word_1_388' title='bbox 876 3649 908 3700; x_wconf 83' lang='lat'><strong>32</strong></span> <span class='ocrx_word' id='word_1_389' title='bbox 918 3646 936 3698; x_wconf 88' lang='lat' dir='ltr'><strong>i.</strong></span> 
     </span>
     <span class='ocr_line' id='line_1_44' title="bbox 225 3707 1301 3781; baseline -0.002 -13"><span class='ocrx_word' id='word_1_390' title='bbox 225 3715 267 3768; x_wconf 89' lang='lat' dir='ltr'><strong>die</strong></span> <span class='ocrx_word' id='word_1_391' title='bbox 278 3715 304 3766; x_wconf 93' lang='lat' dir='ltr'><strong>in</strong></span> <span class='ocrx_word' id='word_1_392' title='bbox 317 3713 417 3767; x_wconf 82' lang='lat' dir='ltr'><strong>Gallico</strong></span> <span class='ocrx_word' id='word_1_393' title='bbox 435 3714 658 3781; x_wconf 76' lang='lat' dir='ltr'><strong>eingedrungenen</strong></span> <span class='ocrx_word' id='word_1_394' title='bbox 670 3714 735 3768; x_wconf 86' lang='lat' dir='ltr'><strong>Gim-</strong></span> <span class='ocrx_word' id='word_1_395' title='bbox 821 3715 876 3767; x_wconf 84' lang='lat' dir='ltr'><strong>alia</strong></span> <span class='ocrx_word' id='word_1_396' title='bbox 885 3718 988 3767; x_wconf 81' lang='lat' dir='ltr'><strong>omnia:</strong></span> <span class='ocrx_word' id='word_1_397' title='bbox 997 3707 1058 3780; x_wconf 80' lang='lat' dir='ltr'><strong>‘alle</strong></span> <span class='ocrx_word' id='word_1_398' title='bbox 1067 3713 1121 3766; x_wconf 89' lang='lat' dir='ltr'><strong>ihre</strong></span> <span class='ocrx_word' id='word_1_399' title='bbox 1130 3712 1301 3780; x_wconf 64' lang='grc'><strong>6161366116-</strong></span> 
     </span>
     <span class='ocr_line' id='line_1_45' title="bbox 225 3773 1298 3850; baseline -0.001 -14"><span class='ocrx_word' id='word_1_400' title='bbox 225 3784 287 3836; x_wconf 90' lang='lat' dir='ltr'><strong>bern</strong></span> <span class='ocrx_word' id='word_1_401' title='bbox 299 3781 353 3836; x_wconf 93' lang='lat' dir='ltr'><strong>und</strong></span> <span class='ocrx_word' id='word_1_402' title='bbox 370 3782 463 3836; x_wconf 83' lang='lat' dir='ltr'><strong>endere</strong></span> <span class='ocrx_word' id='word_1_403' title='bbox 475 3782 597 3836; x_wconf 83' lang='lat' dir='ltr'><strong>celtisohe</strong></span> <span class='ocrx_word' id='word_1_404' title='bbox 615 3783 667 3837; x_wconf 91' lang='lat' dir='ltr'><strong>und</strong></span> <span class='ocrx_word' id='word_1_405' title='bbox 680 3797 736 3850; x_wconf 72' lang='lat' dir='ltr'><strong>ger·</strong></span> <span class='ocrx_word' id='word_1_406' title='bbox 785 3773 1002 3849; x_wconf 72' lang='lat' dir='ltr'><strong>ternehmungen&#39;</strong></span> <span class='ocrx_word' id='word_1_407' title='bbox 1012 3779 1081 3834; x_wconf 89' lang='lat' dir='ltr'><strong>Uber</strong></span> <span class='ocrx_word' id='word_1_408' title='bbox 1085 3797 1216 3849; x_wconf 71' lang='lat' dir='ltr'><strong>pronoen</strong></span> <span class='ocrx_word' id='word_1_409' title='bbox 1224 3784 1298 3846; x_wconf 69' lang='grc'><strong>864.</strong></span> 
     </span>
     <span class='ocr_line' id='line_1_46' title="bbox 224 3849 1297 3918; baseline -0.002 -14"><span class='ocrx_word' id='word_1_410' title='bbox 224 3851 354 3904; x_wconf 77' lang='lat' dir='ltr'><strong>maniache</strong></span> <span class='ocrx_word' id='word_1_411' title='bbox 367 3849 488 3917; x_wconf 79' lang='lat' dir='ltr'><strong>Stimme,</strong></span> <span class='ocrx_word' id='word_1_412' title='bbox 506 3851 605 3903; x_wconf 89' lang='lat' dir='ltr'><strong>welche</strong></span> <span class='ocrx_word' id='word_1_413' title='bbox 622 3867 673 3905; x_wconf 86' lang='lat' dir='ltr'><strong>von</strong></span> <span class='ocrx_word' id='word_1_414' title='bbox 685 3851 734 3904; x_wconf 92' lang='grc'><strong>666</strong></span> <span class='ocrx_word' id='word_1_415' title='bbox 814 3867 869 3916; x_wconf 79' lang='lat' dir='ltr'><strong>pro</strong></span> <span class='ocrx_word' id='word_1_416' title='bbox 878 3850 976 3904; x_wconf 65' lang='lat' dir='ltr'><strong>calata</strong></span> <span class='ocrx_word' id='word_1_417' title='bbox 985 3850 1037 3917; x_wconf 78' lang='lat' dir='ltr'><strong>vgl.</strong></span> <span class='ocrx_word' id='word_1_418' title='bbox 1047 3850 1089 3902; x_wconf 90' lang='lat' dir='ltr'><strong>die</strong></span> <span class='ocrx_word' id='word_1_419' title='bbox 1098 3865 1129 3902; x_wconf 88' lang='lat' dir='ltr'><strong>zu</strong></span> <span class='ocrx_word' id='word_1_420' title='bbox 1140 3849 1182 3902; x_wconf 90' lang='grc'><strong>06.</strong></span> <span class='ocrx_word' id='word_1_421' title='bbox 1193 3849 1254 3918; x_wconf 82' lang='lat' dir='ltr'><strong>Lep.</strong></span> <span class='ocrx_word' id='word_1_422' title='bbox 1267 3852 1297 3902; x_wconf 85' lang='lat' dir='ltr'><strong>l&#39;i</strong></span> 
     </span>
     <span class='ocr_line' id='line_1_47' title="bbox 223 3917 1298 3984; baseline 0.002 -12"><span class='ocrx_word' id='word_1_423' title='bbox 223 3919 334 3973; x_wconf 82' lang='lat' dir='ltr'><strong>Romern</strong></span> <span class='ocrx_word' id='word_1_424' title='bbox 358 3918 438 3972; x_wconf 79' lang='lat' dir='ltr'><strong>ditem</strong></span> <span class='ocrx_word' id='word_1_425' title='bbox 459 3924 535 3973; x_wconf 85' lang='grc'><strong>66166</strong></span> <span class='ocrx_word' id='word_1_426' title='bbox 557 3918 616 3972; x_wconf 91' lang='lat' dir='ltr'><strong>dem</strong></span> <span class='ocrx_word' id='word_1_427' title='bbox 636 3919 734 3973; x_wconf 83' lang='lat' dir='ltr'><strong>Nomen</strong></span> <span class='ocrx_word' id='word_1_428' title='bbox 785 3934 831 3972; x_wconf 86' lang='lat' dir='ltr'><strong>aus</strong></span> <span class='ocrx_word' id='word_1_429' title='bbox 849 3917 999 3973; x_wconf 80' lang='grc'><strong>61666611.</strong></span> <span class='ocrx_word' id='word_1_430' title='bbox 1015 3917 1298 3984; x_wconf 79' lang='grc'><strong>1,3861116616616116.</strong></span> 
     </span>
    </p>
   </div>
   <div class='ocr_carea' id='block_1_4' title="bbox 0 0 1388 4568">
    <p class='ocr_par' dir='ltr' id='par_1_5' title="bbox 0 0 1388 4568">
     <span class='ocr_line' id='line_1_48' title="bbox 0 0 1388 4568; baseline 0 0"><span class='ocrx_word' id='word_1_431' title='bbox 0 0 1388 4568; x_wconf 95' lang='lat' dir='ltr'><strong> </strong></span> 
     </span>
    </p>
   </div>
  </div>
 </body>
</html>
