<?xml version="1.0" encoding="UTF-8"?>
<!DOCTYPE html PUBLIC "-//W3C//DTD XHTML 1.0 Transitional//EN"
    "http://www.w3.org/TR/xhtml1/DTD/xhtml1-transitional.dtd">
<html xmlns="http://www.w3.org/1999/xhtml" xml:lang="en" lang="en">
 <head>
  <title>
</title>
<meta http-equiv="Content-Type" content="text/html;charset=utf-8" />
  <meta name='ocr-system' content='tesseract 3.04.00' />
  <meta name='ocr-capabilities' content='ocr_page ocr_carea ocr_par ocr_line ocrx_word'/>
</head>
<body>
  <div class='ocr_page' id='page_1' title='image "./deconiurationec00wirzgoog_0173.png"; bbox 0 0 2738 4576; ppageno 0'>
   <div class='ocr_carea' id='block_1_1' title="bbox 260 284 959 348">
    <p class='ocr_par' dir='ltr' id='par_1_1' title="bbox 260 284 959 348">
     <span class='ocr_line' id='line_1_1' title="bbox 260 284 959 348; baseline -0.007 -3"><span class='ocrx_word' id='word_1_1' title='bbox 260 284 320 346; x_wconf 81' lang='grc'>162</span> <span class='ocrx_word' id='word_1_2' title='bbox 637 289 666 348; x_wconf 77' lang='lat'>0.</span> <span class='ocrx_word' id='word_1_3' title='bbox 682 287 837 341; x_wconf 82' lang='lat' dir='ltr'>SALLUSTl</span> <span class='ocrx_word' id='word_1_4' title='bbox 856 287 959 341; x_wconf 79' lang='lat' dir='ltr'>CRISPl</span> 
     </span>
    </p>
   </div>
   <div class='ocr_carea' id='block_1_2' title="bbox 202 461 1362 2243">
    <p class='ocr_par' dir='ltr' id='par_1_2' title="bbox 217 461 1329 630">
     <span class='ocr_line' id='line_1_2' title="bbox 217 461 1329 543; baseline 0.001 -20"><span class='ocrx_word' id='word_1_5' title='bbox 217 471 235 522; x_wconf 82' lang='lat'>-2</span> <span class='ocrx_word' id='word_1_6' title='bbox 257 465 335 525; x_wconf 89' lang='lat' dir='ltr'>ciare</span> <span class='ocrx_word' id='word_1_7' title='bbox 351 482 438 543; x_wconf 91' lang='lat' dir='ltr'>quam</span> <span class='ocrx_word' id='word_1_8' title='bbox 461 471 554 526; x_wconf 89' lang='lat' dir='ltr'>semet</span> <span class='ocrx_word' id='word_1_9' title='bbox 574 472 691 540; x_wconf 76' lang='lat' dir='ltr'>tegere3</span> <span class='ocrx_word' id='word_1_10' title='bbox 715 461 826 524; x_wconf 91' lang='lat' dir='ltr'>clamor</span> <span class='ocrx_word' id='word_1_11' title='bbox 848 462 1011 540; x_wconf 85' lang='lat' dir='ltr'>permixtus</span> <span class='ocrx_word' id='word_1_12' title='bbox 1032 463 1201 524; x_wconf 78' lang='lat' dir='ltr'>hortatione</span> <span class='ocrx_word' id='word_1_13' title='bbox 1225 465 1329 526; x_wconf 87' lang='lat' dir='ltr'>laetitia</span> 
     </span>
     <span class='ocr_line' id='line_1_3' title="bbox 257 546 1329 630; baseline 0.001 -21"><span class='ocrx_word' id='word_1_14' title='bbox 257 549 384 630; x_wconf 85' lang='lat' dir='ltr'>gemitu,</span> <span class='ocrx_word' id='word_1_15' title='bbox 408 549 477 610; x_wconf 91' lang='lat' dir='ltr'>item</span> <span class='ocrx_word' id='word_1_16' title='bbox 492 548 633 628; x_wconf 88' lang='lat' dir='ltr'>strepitus</span> <span class='ocrx_word' id='word_1_17' title='bbox 647 565 797 609; x_wconf 88' lang='lat' dir='ltr'>armorum</span> <span class='ocrx_word' id='word_1_18' title='bbox 812 546 849 607; x_wconf 92' lang='lat' dir='ltr'>ad</span> <span class='ocrx_word' id='word_1_19' title='bbox 864 547 975 608; x_wconf 88' lang='lat' dir='ltr'>caelum</span> <span class='ocrx_word' id='word_1_20' title='bbox 992 548 1078 624; x_wconf 92' lang='lat' dir='ltr'>lerri;</span> <span class='ocrx_word' id='word_1_21' title='bbox 1101 549 1158 609; x_wconf 90' lang='lat' dir='ltr'>tela</span> <span class='ocrx_word' id='word_1_22' title='bbox 1181 549 1329 629; x_wconf 83' lang='lat' dir='ltr'>utrimque</span> 
     </span>
    </p>

    <p class='ocr_par' dir='ltr' id='par_1_3' title="bbox 218 632 1329 800">
     <span class='ocr_line' id='line_1_4' title="bbox 218 632 1327 714; baseline 0.004 -22"><span class='ocrx_word' id='word_1_23' title='bbox 218 635 363 696; x_wconf 77' lang='lat' dir='ltr'>evolare.</span> <span class='ocrx_word' id='word_1_24' title='bbox 401 635 458 696; x_wconf 89' lang='lat' dir='ltr'>Sed</span> <span class='ocrx_word' id='word_1_25' title='bbox 480 633 535 707; x_wconf 91' lang='lat' dir='ltr'>illi,</span> <span class='ocrx_word' id='word_1_26' title='bbox 564 633 614 711; x_wconf 93' lang='lat' dir='ltr'>qui</span> <span class='ocrx_word' id='word_1_27' title='bbox 637 633 754 692; x_wconf 91' lang='lat' dir='ltr'>moenia</span> <span class='ocrx_word' id='word_1_28' title='bbox 775 632 984 707; x_wconf 70' lang='lat' dir='ltr'>defensabant,</span> <span class='ocrx_word' id='word_1_29' title='bbox 1014 633 1066 694; x_wconf 92' lang='lat' dir='ltr'>ubi</span> <span class='ocrx_word' id='word_1_30' title='bbox 1087 633 1190 695; x_wconf 87' lang='lat' dir='ltr'>hostes</span> <span class='ocrx_word' id='word_1_31' title='bbox 1212 637 1327 714; x_wconf 91' lang='lat' dir='ltr'>paulum</span> 
     </span>
     <span class='ocr_line' id='line_1_5' title="bbox 257 717 1329 800; baseline 0 -19"><span class='ocrx_word' id='word_1_32' title='bbox 257 721 345 781; x_wconf 91' lang='lat' dir='ltr'>modo</span> <span class='ocrx_word' id='word_1_33' title='bbox 362 737 493 800; x_wconf 85' lang='lat' dir='ltr'>pugnam</span> <span class='ocrx_word' id='word_1_34' title='bbox 509 719 697 790; x_wconf 78' lang='lat' dir='ltr'>remiserant,</span> <span class='ocrx_word' id='word_1_35' title='bbox 719 717 826 778; x_wconf 90' lang='lat' dir='ltr'>intenti</span> <span class='ocrx_word' id='word_1_36' title='bbox 841 717 988 796; x_wconf 89' lang='lat' dir='ltr'>proelium</span> <span class='ocrx_word' id='word_1_37' title='bbox 1003 728 1140 796; x_wconf 81' lang='lat' dir='ltr'>equestre</span> <span class='ocrx_word' id='word_1_38' title='bbox 1160 731 1329 800; x_wconf 88' lang='lat' dir='ltr'>prospecta·</span> 
     </span>
    </p>

    <p class='ocr_par' dir='ltr' id='par_1_4' title="bbox 218 802 1328 1054">
     <span class='ocr_line' id='line_1_6' title="bbox 218 802 1328 884; baseline 0.002 -20"><span class='ocrx_word' id='word_1_39' title='bbox 218 814 235 864; x_wconf 82' lang='grc'><strong>4</strong></span> <span class='ocrx_word' id='word_1_40' title='bbox 256 804 343 881; x_wconf 93' lang='lat' dir='ltr'>bant;</span> <span class='ocrx_word' id='word_1_41' title='bbox 358 825 418 879; x_wconf 90' lang='lat' dir='ltr'>eos,</span> <span class='ocrx_word' id='word_1_42' title='bbox 433 803 477 864; x_wconf 92' lang='lat' dir='ltr'>uti</span> <span class='ocrx_word' id='word_1_43' title='bbox 489 821 623 882; x_wconf 90' lang='lat' dir='ltr'>quaeque</span> <span class='ocrx_word' id='word_1_44' title='bbox 634 802 793 882; x_wconf 80' lang='lat' dir='ltr'>Iugurthae</span> <span class='ocrx_word' id='word_1_45' title='bbox 804 821 853 864; x_wconf 87' lang='lat' dir='ltr'>res</span> <span class='ocrx_word' id='word_1_46' title='bbox 864 813 959 875; x_wconf 91' lang='lat' dir='ltr'>erant,</span> <span class='ocrx_word' id='word_1_47' title='bbox 976 804 1068 864; x_wconf 90' lang='lat' dir='ltr'>laetos</span> <span class='ocrx_word' id='word_1_48' title='bbox 1077 803 1166 864; x_wconf 91' lang='lat' dir='ltr'>modo</span> <span class='ocrx_word' id='word_1_49' title='bbox 1178 807 1274 866; x_wconf 93' lang='lat' dir='ltr'>modo</span> <span class='ocrx_word' id='word_1_50' title='bbox 1286 825 1328 884; x_wconf 92' lang='lat' dir='ltr'>pa-</span> 
     </span>
     <span class='ocr_line' id='line_1_7' title="bbox 256 887 1328 969; baseline -0.002 -17"><span class='ocrx_word' id='word_1_51' title='bbox 256 891 338 952; x_wconf 87' lang='lat' dir='ltr'>vidos</span> <span class='ocrx_word' id='word_1_52' title='bbox 357 890 621 960; x_wconf 79' lang='lat' dir='ltr'>animadverteres,</span> <span class='ocrx_word' id='word_1_53' title='bbox 637 905 687 961; x_wconf 92' lang='lat' dir='ltr'>ac,</span> <span class='ocrx_word' id='word_1_54' title='bbox 708 887 794 948; x_wconf 90' lang='lat' dir='ltr'>sicuti</span> <span class='ocrx_word' id='word_1_55' title='bbox 809 888 904 948; x_wconf 88' lang='lat' dir='ltr'>audiri</span> <span class='ocrx_word' id='word_1_56' title='bbox 920 907 936 948; x_wconf 93' lang='lat' dir='ltr'>a</span> <span class='ocrx_word' id='word_1_57' title='bbox 950 889 1011 950; x_wconf 91' lang='lat' dir='ltr'>suis</span> <span class='ocrx_word' id='word_1_58' title='bbox 1025 897 1076 950; x_wconf 93' lang='lat' dir='ltr'>aut</span> <span class='ocrx_word' id='word_1_59' title='bbox 1094 889 1179 950; x_wconf 87' lang='lat' dir='ltr'>cerni</span> <span class='ocrx_word' id='word_1_60' title='bbox 1201 901 1328 969; x_wconf 81' lang='lat' dir='ltr'>possent</span> 
     </span>
     <span class='ocr_line' id='line_1_8' title="bbox 256 973 1328 1054; baseline 0 -18"><span class='ocrx_word' id='word_1_61' title='bbox 256 994 381 1038; x_wconf 90' lang='lat' dir='ltr'>monere</span> <span class='ocrx_word' id='word_1_62' title='bbox 396 973 444 1034; x_wconf 87' lang='lat' dir='ltr'>alii</span> <span class='ocrx_word' id='word_1_63' title='bbox 460 973 508 1052; x_wconf 83' lang='lat' dir='ltr'>alii</span> <span class='ocrx_word' id='word_1_64' title='bbox 523 973 644 1046; x_wconf 89' lang='lat' dir='ltr'>bertari,</span> <span class='ocrx_word' id='word_1_65' title='bbox 666 980 717 1034; x_wconf 90' lang='lat' dir='ltr'>aut</span> <span class='ocrx_word' id='word_1_66' title='bbox 730 991 820 1034; x_wconf 92' lang='lat' dir='ltr'>manu</span> <span class='ocrx_word' id='word_1_67' title='bbox 834 973 1002 1052; x_wconf 79' lang='lat' dir='ltr'>significare</span> <span class='ocrx_word' id='word_1_68' title='bbox 1016 982 1068 1034; x_wconf 93' lang='lat' dir='ltr'>aut</span> <span class='ocrx_word' id='word_1_69' title='bbox 1082 973 1138 1034; x_wconf 89' lang='lat' dir='ltr'>niti</span> <span class='ocrx_word' id='word_1_70' title='bbox 1152 975 1328 1054; x_wconf 80' lang='lat' dir='ltr'>corporibus</span> 
     </span>
    </p>

    <p class='ocr_par' dir='ltr' id='par_1_5' title="bbox 219 1057 1328 1308">
     <span class='ocr_line' id='line_1_9' title="bbox 219 1057 1327 1138; baseline 0.001 -19"><span class='ocrx_word' id='word_1_71' title='bbox 219 1071 234 1119; x_wconf 87' lang='grc'><strong>5</strong></span> <span class='ocrx_word' id='word_1_72' title='bbox 258 1069 332 1121; x_wconf 89' lang='lat' dir='ltr'>etea</span> <span class='ocrx_word' id='word_1_73' title='bbox 345 1061 403 1120; x_wconf 91' lang='lat' dir='ltr'>buc</span> <span class='ocrx_word' id='word_1_74' title='bbox 416 1068 445 1119; x_wconf 93' lang='lat' dir='ltr'>et</span> <span class='ocrx_word' id='word_1_75' title='bbox 457 1058 534 1132; x_wconf 90' lang='lat' dir='ltr'>illuc,</span> <span class='ocrx_word' id='word_1_76' title='bbox 548 1057 631 1137; x_wconf 89' lang='lat' dir='ltr'>quasi</span> <span class='ocrx_word' id='word_1_77' title='bbox 643 1057 795 1119; x_wconf 88' lang='lat' dir='ltr'>vitabundi</span> <span class='ocrx_word' id='word_1_78' title='bbox 806 1058 1008 1120; x_wconf 84' lang='lat' dir='ltr'>autiacicntes</span> <span class='ocrx_word' id='word_1_79' title='bbox 1018 1059 1085 1130; x_wconf 87' lang='lat' dir='ltr'>tela,</span> <span class='ocrx_word' id='word_1_80' title='bbox 1098 1059 1221 1138; x_wconf 72' lang='lat' dir='ltr'>agitaret</span> <span class='ocrx_word' id='word_1_81' title='bbox 1251 1061 1327 1132; x_wconf 84' lang='lat' dir='ltr'>Quod</span> 
     </span>
     <span class='ocr_line' id='line_1_10' title="bbox 257 1143 1328 1223; baseline 0.001 -18"><span class='ocrx_word' id='word_1_82' title='bbox 257 1145 309 1205; x_wconf 94' lang='lat' dir='ltr'>ubi</span> <span class='ocrx_word' id='word_1_83' title='bbox 325 1145 417 1205; x_wconf 87' lang='lat' dir='ltr'>llario</span> <span class='ocrx_word' id='word_1_84' title='bbox 432 1144 585 1222; x_wconf 79' lang='lat' dir='ltr'>cognitum</span> <span class='ocrx_word' id='word_1_85' title='bbox 600 1151 645 1204; x_wconf 92' lang='lat' dir='ltr'>est</span> <span class='ocrx_word' id='word_1_86' title='bbox 659 1177 700 1188; x_wconf 89' lang='lat'><em>-</em></span> <span class='ocrx_word' id='word_1_87' title='bbox 716 1161 785 1204; x_wconf 90' lang='lat' dir='ltr'>nam</span> <span class='ocrx_word' id='word_1_88' title='bbox 799 1143 824 1204; x_wconf 89' lang='lat' dir='ltr'>is</span> <span class='ocrx_word' id='word_1_89' title='bbox 839 1143 869 1204; x_wconf 93' lang='lat' dir='ltr'>in</span> <span class='ocrx_word' id='word_1_90' title='bbox 885 1161 920 1203; x_wconf 94' lang='lat' dir='ltr'>ea</span> <span class='ocrx_word' id='word_1_91' title='bbox 934 1152 1017 1223; x_wconf 92' lang='lat' dir='ltr'>parte</span> <span class='ocrx_word' id='word_1_92' title='bbox 1038 1144 1160 1204; x_wconf 89' lang='lat' dir='ltr'>curabat</span> <span class='ocrx_word' id='word_1_93' title='bbox 1180 1179 1243 1218; x_wconf 83' lang='lat'>-,</span> <span class='ocrx_word' id='word_1_94' title='bbox 1265 1165 1328 1206; x_wconf 91' lang='lat' dir='ltr'>con·</span> 
     </span>
     <span class='ocr_line' id='line_1_11' title="bbox 257 1228 1326 1308; baseline -0.002 -17"><span class='ocrx_word' id='word_1_95' title='bbox 257 1230 335 1291; x_wconf 89' lang='lat' dir='ltr'>sulto</span> <span class='ocrx_word' id='word_1_96' title='bbox 350 1230 447 1290; x_wconf 91' lang='lat' dir='ltr'>leuius</span> <span class='ocrx_word' id='word_1_97' title='bbox 461 1247 547 1308; x_wconf 81' lang='lat' dir='ltr'>agere</span> <span class='ocrx_word' id='word_1_98' title='bbox 562 1247 596 1289; x_wconf 91' lang='lat' dir='ltr'>ac</span> <span class='ocrx_word' id='word_1_99' title='bbox 611 1228 802 1289; x_wconf 81' lang='lat' dir='ltr'>diffidentiam</span> <span class='ocrx_word' id='word_1_100' title='bbox 818 1228 862 1288; x_wconf 92' lang='lat' dir='ltr'>rei</span> <span class='ocrx_word' id='word_1_101' title='bbox 877 1229 1022 1300; x_wconf 90' lang='lat' dir='ltr'>simulare,</span> <span class='ocrx_word' id='word_1_102' title='bbox 1038 1229 1098 1307; x_wconf 84' lang='lat' dir='ltr'>pati</span> <span class='ocrx_word' id='word_1_103' title='bbox 1110 1229 1259 1292; x_wconf 87' lang='lat' dir='ltr'>Numidas</span> <span class='ocrx_word' id='word_1_104' title='bbox 1273 1231 1326 1291; x_wconf 89' lang='lat' dir='ltr'>sine</span> 
     </span>
    </p>

    <p class='ocr_par' dir='ltr' id='par_1_6' title="bbox 219 1313 1362 1566">
     <span class='ocr_line' id='line_1_12' title="bbox 219 1313 1362 1393; baseline 0.007 -20"><span class='ocrx_word' id='word_1_105' title='bbox 219 1325 234 1373; x_wconf 82' lang='grc'><strong>6</strong></span> <span class='ocrx_word' id='word_1_106' title='bbox 255 1315 385 1376; x_wconf 88' lang='lat' dir='ltr'>tumultu</span> <span class='ocrx_word' id='word_1_107' title='bbox 399 1315 477 1393; x_wconf 85' lang='lat' dir='ltr'>regis</span> <span class='ocrx_word' id='word_1_108' title='bbox 492 1314 637 1393; x_wconf 89' lang='lat' dir='ltr'>proelium</span> <span class='ocrx_word' id='word_1_109' title='bbox 652 1314 755 1374; x_wconf 89' lang='lat' dir='ltr'>visere.</span> <span class='ocrx_word' id='word_1_110' title='bbox 786 1313 828 1374; x_wconf 91' lang='lat' dir='ltr'>lta</span> <span class='ocrx_word' id='word_1_111' title='bbox 842 1313 900 1375; x_wconf 88' lang='lat' dir='ltr'>illis</span> <span class='ocrx_word' id='word_1_112' title='bbox 915 1314 1012 1374; x_wconf 93' lang='lat' dir='ltr'>studio</span> <span class='ocrx_word' id='word_1_113' title='bbox 1031 1332 1153 1375; x_wconf 92' lang='lat' dir='ltr'>suorum</span> <span class='ocrx_word' id='word_1_114' title='bbox 1174 1315 1325 1380; x_wconf 83' lang='lat' dir='ltr'>adstrictis</span> <span class='ocrx_word' id='word_1_115' title='bbox 1361 1343 1362 1380; x_wconf 81' lang='grc' dir='ltr'><strong>ι</strong></span> 
     </span>
     <span class='ocr_line' id='line_1_13' title="bbox 256 1398 1326 1480; baseline -0.001 -19"><span class='ocrx_word' id='word_1_116' title='bbox 256 1408 379 1480; x_wconf 89' lang='lat' dir='ltr'>repente</span> <span class='ocrx_word' id='word_1_117' title='bbox 395 1417 501 1478; x_wconf 83' lang='lat' dir='ltr'>magna</span> <span class='ocrx_word' id='word_1_118' title='bbox 516 1399 543 1459; x_wconf 90' lang='lat' dir='ltr'>vi</span> <span class='ocrx_word' id='word_1_119' title='bbox 558 1417 677 1460; x_wconf 91' lang='lat' dir='ltr'>murum</span> <span class='ocrx_word' id='word_1_120' title='bbox 689 1398 874 1477; x_wconf 80' lang='lat' dir='ltr'>aggreditur3</span> <span class='ocrx_word' id='word_1_121' title='bbox 891 1407 920 1460; x_wconf 93' lang='lat' dir='ltr'>et</span> <span class='ocrx_word' id='word_1_122' title='bbox 931 1399 988 1459; x_wconf 89' lang='lat' dir='ltr'>iam</span> <span class='ocrx_word' id='word_1_123' title='bbox 999 1399 1086 1460; x_wconf 86' lang='lat' dir='ltr'>scalis</span> <span class='ocrx_word' id='word_1_124' title='bbox 1097 1401 1212 1478; x_wconf 82' lang='lat' dir='ltr'>egressi</span> <span class='ocrx_word' id='word_1_125' title='bbox 1228 1402 1326 1462; x_wconf 86' lang='lat' dir='ltr'>milites</span> 
     </span>
     <span class='ocr_line' id='line_1_14' title="bbox 256 1484 1324 1566; baseline -0.001 -21"><span class='ocrx_word' id='word_1_126' title='bbox 256 1503 351 1564; x_wconf 90' lang='lat' dir='ltr'>prope</span> <span class='ocrx_word' id='word_1_127' title='bbox 366 1502 479 1546; x_wconf 89' lang='lat' dir='ltr'>summa</span> <span class='ocrx_word' id='word_1_128' title='bbox 496 1493 644 1564; x_wconf 87' lang='lat' dir='ltr'>ceperant,</span> <span class='ocrx_word' id='word_1_129' title='bbox 661 1503 727 1544; x_wconf 92' lang='lat' dir='ltr'>cum</span> <span class='ocrx_word' id='word_1_130' title='bbox 744 1484 884 1562; x_wconf 87' lang='lat' dir='ltr'>oppidani</span> <span class='ocrx_word' id='word_1_131' title='bbox 899 1494 1092 1558; x_wconf 87' lang='lat' dir='ltr'>concurrunt,</span> <span class='ocrx_word' id='word_1_132' title='bbox 1107 1485 1224 1563; x_wconf 86' lang='lat' dir='ltr'>lapides</span> <span class='ocrx_word' id='word_1_133' title='bbox 1236 1487 1324 1566; x_wconf 80' lang='lat' dir='ltr'>iguem</span> 
     </span>
    </p>

    <p class='ocr_par' dir='ltr' id='par_1_7' title="bbox 219 1569 1362 1820">
     <span class='ocr_line' id='line_1_15' title="bbox 219 1569 1362 1650; baseline -0.001 -21"><span class='ocrx_word' id='word_1_134' title='bbox 219 1580 234 1628; x_wconf 79' lang='lat' dir='ltr'>t</span> <span class='ocrx_word' id='word_1_135' title='bbox 251 1570 310 1630; x_wconf 91' lang='lat' dir='ltr'>alia</span> <span class='ocrx_word' id='word_1_136' title='bbox 325 1579 477 1650; x_wconf 90' lang='lat' dir='ltr'>praeterea</span> <span class='ocrx_word' id='word_1_137' title='bbox 501 1571 556 1631; x_wconf 92' lang='lat' dir='ltr'>tela</span> <span class='ocrx_word' id='word_1_138' title='bbox 578 1570 728 1649; x_wconf 86' lang='lat' dir='ltr'>ingerunt.</span> <span class='ocrx_word' id='word_1_139' title='bbox 763 1569 863 1631; x_wconf 87' lang='lat' dir='ltr'>Nostri</span> <span class='ocrx_word' id='word_1_140' title='bbox 878 1569 974 1648; x_wconf 87' lang='lat' dir='ltr'>primo</span> <span class='ocrx_word' id='word_1_141' title='bbox 988 1569 1141 1644; x_wconf 89' lang='lat' dir='ltr'>resistere;</span> <span class='ocrx_word' id='word_1_142' title='bbox 1158 1571 1270 1632; x_wconf 88' lang='lat' dir='ltr'>deinde</span> <span class='ocrx_word' id='word_1_143' title='bbox 1285 1569 1325 1631; x_wconf 87' lang='lat' dir='ltr'>ubi</span> <span class='ocrx_word' id='word_1_144' title='bbox 1361 1589 1362 1594; x_wconf 48' lang='lat'>¹</span> 
     </span>
     <span class='ocr_line' id='line_1_16' title="bbox 255 1654 1324 1734; baseline -0.003 -18"><span class='ocrx_word' id='word_1_145' title='bbox 255 1674 333 1716; x_wconf 89' lang='lat' dir='ltr'>unae</span> <span class='ocrx_word' id='word_1_146' title='bbox 348 1664 435 1734; x_wconf 90' lang='lat' dir='ltr'>atque</span> <span class='ocrx_word' id='word_1_147' title='bbox 451 1655 558 1716; x_wconf 86' lang='lat' dir='ltr'>alterae</span> <span class='ocrx_word' id='word_1_148' title='bbox 573 1654 667 1716; x_wconf 90' lang='lat' dir='ltr'>scalae</span> <span class='ocrx_word' id='word_1_149' title='bbox 682 1654 888 1727; x_wconf 88' lang='lat' dir='ltr'>comminutae,</span> <span class='ocrx_word' id='word_1_150' title='bbox 904 1654 954 1733; x_wconf 93' lang='lat' dir='ltr'>qui</span> <span class='ocrx_word' id='word_1_151' title='bbox 964 1662 1209 1732; x_wconf 87' lang='lat' dir='ltr'>supersteterant,</span> <span class='ocrx_word' id='word_1_152' title='bbox 1227 1655 1324 1717; x_wconf 90' lang='lat' dir='ltr'>adllictl</span> 
     </span>
     <span class='ocr_line' id='line_1_17' title="bbox 256 1733 1362 1820; baseline -0.003 -18"><span class='ocrx_word' id='word_1_153' title='bbox 256 1749 335 1814; x_wconf 90' lang='lat' dir='ltr'>sunt,</span> <span class='ocrx_word' id='word_1_154' title='bbox 351 1740 450 1816; x_wconf 91' lang='lat' dir='ltr'>ceteri,</span> <span class='ocrx_word' id='word_1_155' title='bbox 464 1759 583 1820; x_wconf 91' lang='lat' dir='ltr'>quoquo</span> <span class='ocrx_word' id='word_1_156' title='bbox 595 1741 683 1800; x_wconf 93' lang='lat' dir='ltr'>modo</span> <span class='ocrx_word' id='word_1_157' title='bbox 695 1748 828 1819; x_wconf 92' lang='lat' dir='ltr'>potuere,</span> <span class='ocrx_word' id='word_1_158' title='bbox 840 1739 926 1818; x_wconf 92' lang='lat' dir='ltr'>pauci</span> <span class='ocrx_word' id='word_1_159' title='bbox 939 1739 1056 1818; x_wconf 83' lang='lat' dir='ltr'>integri,</span> <span class='ocrx_word' id='word_1_160' title='bbox 1069 1757 1174 1818; x_wconf 86' lang='lat' dir='ltr'>magna</span> <span class='ocrx_word' id='word_1_161' title='bbox 1185 1759 1260 1820; x_wconf 90' lang='lat' dir='ltr'>pars</span> <span class='ocrx_word' id='word_1_162' title='bbox 1273 1740 1323 1800; x_wconf 83' lang='lat' dir='ltr'>vol·</span> <span class='ocrx_word' id='word_1_163' title='bbox 1361 1733 1362 1782; x_wconf 84' lang='lat' dir='ltr'>l</span> 
     </span>
    </p>

    <p class='ocr_par' dir='ltr' id='par_1_8' title="bbox 219 1824 1323 1904">
     <span class='ocr_line' id='line_1_18' title="bbox 219 1824 1323 1904; baseline -0.005 -17"><span class='ocrx_word' id='word_1_164' title='bbox 219 1837 234 1887; x_wconf 84' lang='lat'>8</span> <span class='ocrx_word' id='word_1_165' title='bbox 256 1825 381 1888; x_wconf 90' lang='lat' dir='ltr'>neribus</span> <span class='ocrx_word' id='word_1_166' title='bbox 391 1825 519 1888; x_wconf 89' lang='lat' dir='ltr'>conlecti</span> <span class='ocrx_word' id='word_1_167' title='bbox 529 1825 648 1886; x_wconf 88' lang='lat' dir='ltr'>abeunt.</span> <span class='ocrx_word' id='word_1_168' title='bbox 664 1824 798 1904; x_wconf 83' lang='lat' dir='ltr'>[lenique</span> <span class='ocrx_word' id='word_1_169' title='bbox 811 1825 959 1902; x_wconf 87' lang='lat' dir='ltr'>utrimque</span> <span class='ocrx_word' id='word_1_170' title='bbox 971 1824 1115 1902; x_wconf 89' lang='lat' dir='ltr'>proelium</span> <span class='ocrx_word' id='word_1_171' title='bbox 1131 1844 1191 1885; x_wconf 83' lang='lat' dir='ltr'>nox</span> <span class='ocrx_word' id='word_1_172' title='bbox 1205 1826 1323 1902; x_wconf 85' lang='lat' dir='ltr'>diremit.</span> 
     </span>
    </p>

    <p class='ocr_par' dir='ltr' id='par_1_9' title="bbox 202 1909 1323 2243">
     <span class='ocr_line' id='line_1_19' title="bbox 202 1909 1322 1991; baseline -0.002 -20"><span class='ocrx_word' id='word_1_173' title='bbox 202 1917 238 1971; x_wconf 83' lang='lat' dir='ltr'>dl</span> <span class='ocrx_word' id='word_1_174' title='bbox 336 1911 490 1984; x_wconf 81' lang='lat' dir='ltr'>Metellus,</span> <span class='ocrx_word' id='word_1_175' title='bbox 505 1919 661 1990; x_wconf 93' lang='lat' dir='ltr'>postquam</span> <span class='ocrx_word' id='word_1_176' title='bbox 676 1909 754 1970; x_wconf 89' lang='lat' dir='ltr'>videt</span> <span class='ocrx_word' id='word_1_177' title='bbox 768 1910 877 1970; x_wconf 86' lang='lat' dir='ltr'>trustra</span> <span class='ocrx_word' id='word_1_178' title='bbox 892 1909 1058 1988; x_wconf 83' lang='lat' dir='ltr'>inceptum,</span> <span class='ocrx_word' id='word_1_179' title='bbox 1075 1928 1172 1988; x_wconf 87' lang='lat' dir='ltr'>neque</span> <span class='ocrx_word' id='word_1_180' title='bbox 1187 1911 1322 1991; x_wconf 85' lang='lat' dir='ltr'>oppidum</span> 
     </span>
     <span class='ocr_line' id='line_1_20' title="bbox 257 1994 1322 2077; baseline -0.003 -20"><span class='ocrx_word' id='word_1_181' title='bbox 257 1997 331 2077; x_wconf 92' lang='lat' dir='ltr'>capi,</span> <span class='ocrx_word' id='word_1_182' title='bbox 348 2015 445 2075; x_wconf 90' lang='lat' dir='ltr'>neque</span> <span class='ocrx_word' id='word_1_183' title='bbox 461 1996 633 2074; x_wconf 83' lang='lat' dir='ltr'>Iugurtham</span> <span class='ocrx_word' id='word_1_184' title='bbox 649 1994 705 2056; x_wconf 89' lang='lat' dir='ltr'>nisi</span> <span class='ocrx_word' id='word_1_185' title='bbox 721 2013 756 2054; x_wconf 90' lang='lat' dir='ltr'>err</span> <span class='ocrx_word' id='word_1_186' title='bbox 772 1994 885 2055; x_wconf 88' lang='lat' dir='ltr'>insidiis</span> <span class='ocrx_word' id='word_1_187' title='bbox 900 2002 950 2054; x_wconf 91' lang='lat' dir='ltr'>aut</span> <span class='ocrx_word' id='word_1_188' title='bbox 970 2010 1023 2055; x_wconf 86' lang='lat' dir='ltr'>suo</span> <span class='ocrx_word' id='word_1_189' title='bbox 1047 1994 1112 2057; x_wconf 91' lang='lat' dir='ltr'>loco</span> <span class='ocrx_word' id='word_1_190' title='bbox 1133 2012 1269 2073; x_wconf 83' lang='lat' dir='ltr'>pugnam</span> <span class='ocrx_word' id='word_1_191' title='bbox 1290 1997 1322 2054; x_wconf 90' lang='lat' dir='ltr'>la·</span> 
     </span>
     <span class='ocr_line' id='line_1_21' title="bbox 256 2078 1323 2154; baseline -0.003 -12"><span class='ocrx_word' id='word_1_192' title='bbox 256 2100 340 2154; x_wconf 92' lang='lat' dir='ltr'>cere,</span> <span class='ocrx_word' id='word_1_193' title='bbox 363 2089 392 2141; x_wconf 90' lang='lat' dir='ltr'>et</span> <span class='ocrx_word' id='word_1_194' title='bbox 406 2081 463 2140; x_wconf 87' lang='lat' dir='ltr'>iam</span> <span class='ocrx_word' id='word_1_195' title='bbox 479 2089 619 2142; x_wconf 91' lang='lat' dir='ltr'>aestatem</span> <span class='ocrx_word' id='word_1_196' title='bbox 635 2087 762 2140; x_wconf 85' lang='lat' dir='ltr'>exactam</span> <span class='ocrx_word' id='word_1_197' title='bbox 779 2097 857 2151; x_wconf 89' lang='lat' dir='ltr'>esse,</span> <span class='ocrx_word' id='word_1_198' title='bbox 879 2079 915 2139; x_wconf 91' lang='lat' dir='ltr'>ab</span> <span class='ocrx_word' id='word_1_199' title='bbox 932 2079 1017 2139; x_wconf 89' lang='lat' dir='ltr'>Zama</span> <span class='ocrx_word' id='word_1_200' title='bbox 1040 2078 1164 2140; x_wconf 84' lang='lat' dir='ltr'>discedit</span> <span class='ocrx_word' id='word_1_201' title='bbox 1185 2089 1216 2142; x_wconf 90' lang='lat' dir='ltr'>et</span> <span class='ocrx_word' id='word_1_202' title='bbox 1239 2082 1270 2142; x_wconf 94' lang='lat' dir='ltr'>in</span> <span class='ocrx_word' id='word_1_203' title='bbox 1291 2080 1323 2140; x_wconf 80' lang='lat' dir='ltr'>eis</span> 
     </span>
     <span class='ocr_line' id='line_1_22' title="bbox 257 2163 1322 2243; baseline -0.003 -15"><span class='ocrx_word' id='word_1_204' title='bbox 257 2165 391 2240; x_wconf 83' lang='lat' dir='ltr'>urbibus,</span> <span class='ocrx_word' id='word_1_205' title='bbox 406 2183 480 2243; x_wconf 92' lang='lat' dir='ltr'>quae</span> <span class='ocrx_word' id='word_1_206' title='bbox 496 2165 532 2224; x_wconf 90' lang='lat' dir='ltr'>ad</span> <span class='ocrx_word' id='word_1_207' title='bbox 548 2183 579 2226; x_wconf 92' lang='lat' dir='ltr'>se</span> <span class='ocrx_word' id='word_1_208' title='bbox 594 2163 764 2225; x_wconf 82' lang='lat' dir='ltr'>deiecerant</span> <span class='ocrx_word' id='word_1_209' title='bbox 779 2164 908 2242; x_wconf 90' lang='lat' dir='ltr'>satisque</span> <span class='ocrx_word' id='word_1_210' title='bbox 923 2164 1054 2225; x_wconf 91' lang='lat' dir='ltr'>munitae</span> <span class='ocrx_word' id='word_1_211' title='bbox 1068 2163 1134 2226; x_wconf 91' lang='lat' dir='ltr'>loco</span> <span class='ocrx_word' id='word_1_212' title='bbox 1150 2176 1201 2226; x_wconf 92' lang='lat' dir='ltr'>aut</span> <span class='ocrx_word' id='word_1_213' title='bbox 1217 2165 1322 2228; x_wconf 89' lang='lat' dir='ltr'>moeni·</span> 
     </span>
    </p>
   </div>
   <div class='ocr_carea' id='block_1_3' title="bbox 251 2277 1358 3980">
    <p class='ocr_par' dir='ltr' id='par_1_10' title="bbox 251 2277 1358 3980">
     <span class='ocr_line' id='line_1_23' title="bbox 290 2277 1321 2347; baseline -0.004 -13"><span class='ocrx_word' id='word_1_214' title='bbox 290 2285 313 2334; x_wconf 81' lang='lat'>³.</span> <span class='ocrx_word' id='word_1_215' title='bbox 329 2281 463 2347; x_wconf 79' lang='lat' dir='ltr'>proelium</span> <span class='ocrx_word' id='word_1_216' title='bbox 481 2283 614 2345; x_wconf 80' lang='lat' dir='ltr'>equestre:</span> <span class='ocrx_word' id='word_1_217' title='bbox 640 2277 685 2330; x_wconf 87' lang='lat' dir='ltr'>das</span> <span class='ocrx_word' id='word_1_218' title='bbox 703 2277 766 2346; x_wconf 86' lang='lat' dir='ltr'>Kap.</span> <span class='ocrx_word' id='word_1_219' title='bbox 851 2279 1003 2330; x_wconf 79' lang='lat' dir='ltr'>vitabundi:</span> <span class='ocrx_word' id='word_1_220' title='bbox 1022 2278 1086 2332; x_wconf 77' lang='lat' dir='ltr'>datu</span> <span class='ocrx_word' id='word_1_221' title='bbox 1105 2279 1197 2346; x_wconf 76' lang='lat' dir='ltr'>gebbrt</span> <span class='ocrx_word' id='word_1_222' title='bbox 1210 2281 1258 2334; x_wconf 87' lang='lat' dir='ltr'>das</span> <span class='ocrx_word' id='word_1_223' title='bbox 1270 2281 1321 2346; x_wconf 75' lang='lat' dir='ltr'>lolg.</span> 
     </span>
     <span class='ocr_line' id='line_1_24' title="bbox 255 2347 1322 2417; baseline -0.004 -15"><span class='ocrx_word' id='word_1_224' title='bbox 255 2351 287 2402; x_wconf 86' lang='grc'>59</span> <span class='ocrx_word' id='word_1_225' title='bbox 306 2347 483 2414; x_wconf 79' lang='lat' dir='ltr'>gescbilderte.</span> <span class='ocrx_word' id='word_1_226' title='bbox 541 2371 543 2376; x_wconf 96' lang='lat'>·</span> <span class='ocrx_word' id='word_1_227' title='bbox 818 2347 871 2397; x_wconf 83' lang='lat' dir='ltr'>teta</span> <span class='ocrx_word' id='word_1_228' title='bbox 890 2347 970 2413; x_wconf 88' lang='lat' dir='ltr'>auch,</span> <span class='ocrx_word' id='word_1_229' title='bbox 992 2347 1057 2398; x_wconf 89' lang='lat' dir='ltr'>nach</span> <span class='ocrx_word' id='word_1_230' title='bbox 1079 2349 1203 2401; x_wconf 87' lang='lat' dir='ltr'>seltenem</span> <span class='ocrx_word' id='word_1_231' title='bbox 1224 2349 1322 2417; x_wconf 89' lang='lat' dir='ltr'>Spracb-</span> 
     </span>
     <span class='ocr_line' id='line_1_25' title="bbox 288 2413 1322 2483; baseline -0.002 -15"><span class='ocrx_word' id='word_1_232' title='bbox 288 2419 313 2468; x_wconf 85' lang='lat'>4.</span> <span class='ocrx_word' id='word_1_233' title='bbox 325 2416 565 2467; x_wconf 79' lang='lat' dir='ltr'>animadverteres:</span> <span class='ocrx_word' id='word_1_234' title='bbox 579 2431 611 2466; x_wconf 90' lang='lat' dir='ltr'>zu</span> <span class='ocrx_word' id='word_1_235' title='bbox 623 2413 676 2469; x_wconf 89' lang='lat' dir='ltr'>Cat.</span> <span class='ocrx_word' id='word_1_236' title='bbox 687 2417 729 2479; x_wconf 84' lang='grc'>25,</span> <span class='ocrx_word' id='word_1_237' title='bbox 742 2417 766 2468; x_wconf 86' lang='grc'>3.</span> <span class='ocrx_word' id='word_1_238' title='bbox 818 2415 960 2480; x_wconf 74' lang='lat' dir='ltr'>gebraucb3</span> <span class='ocrx_word' id='word_1_239' title='bbox 985 2415 1080 2467; x_wconf 91' lang='lat' dir='ltr'>ebenso</span> <span class='ocrx_word' id='word_1_240' title='bbox 1099 2415 1199 2483; x_wconf 75' lang='lat' dir='ltr'>Fragm.</span> <span class='ocrx_word' id='word_1_241' title='bbox 1226 2419 1283 2470; x_wconf 91' lang='lat' dir='ltr'>bist.</span> <span class='ocrx_word' id='word_1_242' title='bbox 1299 2415 1322 2466; x_wconf 93' lang='lat' dir='ltr'>lll</span> 
     </span>
     <span class='ocr_line' id='line_1_26' title="bbox 288 2483 1323 2548; baseline 0 -14"><span class='ocrx_word' id='word_1_243' title='bbox 288 2486 379 2536; x_wconf 61' lang='lat' dir='ltr'>emti:</span> <span class='ocrx_word' id='word_1_244' title='bbox 407 2485 456 2535; x_wconf 85' lang='lat' dir='ltr'>wie</span> <span class='ocrx_word' id='word_1_245' title='bbox 479 2483 532 2536; x_wconf 84' lang='lat' dir='ltr'>Cat.</span> <span class='ocrx_word' id='word_1_246' title='bbox 556 2485 597 2548; x_wconf 82' lang='lat'>28,</span> <span class='ocrx_word' id='word_1_247' title='bbox 624 2487 654 2544; x_wconf 74' lang='lat'>13</span> <span class='ocrx_word' id='word_1_248' title='bbox 677 2485 718 2544; x_wconf 82' lang='grc'>38,</span> <span class='ocrx_word' id='word_1_249' title='bbox 742 2485 765 2536; x_wconf 89' lang='grc'>3.</span> <span class='ocrx_word' id='word_1_250' title='bbox 818 2483 1039 2534; x_wconf 70' lang='lat' dir='ltr'>torvitabundus</span> <span class='ocrx_word' id='word_1_251' title='bbox 1050 2484 1158 2535; x_wconf 78' lang='lat' dir='ltr'>classem</span> <span class='ocrx_word' id='word_1_252' title='bbox 1171 2483 1323 2537; x_wconf 78' lang='lat' dir='ltr'>hostiumst</span> 
     </span>
     <span class='ocr_line' id='line_1_27' title="bbox 253 2549 1088 2618; baseline 0.001 -15"><span class='ocrx_word' id='word_1_253' title='bbox 253 2551 316 2604; x_wconf 86' lang='lat' dir='ltr'>Wer</span> <span class='ocrx_word' id='word_1_254' title='bbox 333 2567 365 2603; x_wconf 91' lang='lat' dir='ltr'>an</span> <span class='ocrx_word' id='word_1_255' title='bbox 383 2551 424 2605; x_wconf 87' lang='lat' dir='ltr'>die</span> <span class='ocrx_word' id='word_1_256' title='bbox 435 2551 625 2618; x_wconf 79' lang='lat' dir='ltr'>Lebbattiglreit</span> <span class='ocrx_word' id='word_1_257' title='bbox 643 2551 687 2603; x_wconf 92' lang='lat' dir='ltr'>der</span> <span class='ocrx_word' id='word_1_258' title='bbox 704 2549 767 2603; x_wconf 78' lang='lat' dir='ltr'>lldr-</span> <span class='ocrx_word' id='word_1_259' title='bbox 818 2552 944 2618; x_wconf 81' lang='lat' dir='ltr'>oppidum</span> <span class='ocrx_word' id='word_1_260' title='bbox 959 2554 1088 2617; x_wconf 77' lang='lat' dir='ltr'>pervenit.</span> 
     </span>
     <span class='ocr_line' id='line_1_28' title="bbox 253 2614 1322 2688; baseline -0.005 -14"><span class='ocrx_word' id='word_1_261' title='bbox 253 2621 476 2688; x_wconf 77' lang='lat' dir='ltr'>perbewegungen</span> <span class='ocrx_word' id='word_1_262' title='bbox 489 2620 540 2673; x_wconf 92' lang='lat' dir='ltr'>und</span> <span class='ocrx_word' id='word_1_263' title='bbox 552 2619 646 2672; x_wconf 86' lang='lat' dir='ltr'>Gesten</span> <span class='ocrx_word' id='word_1_264' title='bbox 657 2619 696 2671; x_wconf 87' lang='lat' dir='ltr'>bei</span> <span class='ocrx_word' id='word_1_265' title='bbox 707 2618 766 2671; x_wconf 85' lang='lat' dir='ltr'>stid-</span> <span class='ocrx_word' id='word_1_266' title='bbox 852 2624 875 2672; x_wconf 90' lang='grc'>5.</span> <span class='ocrx_word' id='word_1_267' title='bbox 893 2623 950 2669; x_wconf 67' lang='lat' dir='ltr'>nne</span> <span class='ocrx_word' id='word_1_268' title='bbox 967 2620 1097 2672; x_wconf 73' lang='lat' dir='ltr'>tremeler:</span> <span class='ocrx_word' id='word_1_269' title='bbox 1120 2614 1199 2673; x_wconf 88' lang='lat' dir='ltr'>‘ohne</span> <span class='ocrx_word' id='word_1_270' title='bbox 1220 2620 1276 2673; x_wconf 84' lang='lat' dir='ltr'>dats</span> <span class='ocrx_word' id='word_1_271' title='bbox 1293 2620 1322 2671; x_wconf 82' lang='lat' dir='ltr'>sle</span> 
     </span>
     <span class='ocr_line' id='line_1_29' title="bbox 255 2686 1283 2754; baseline -0.002 -13"><span class='ocrx_word' id='word_1_272' title='bbox 255 2690 339 2742; x_wconf 90' lang='lat' dir='ltr'>lichen</span> <span class='ocrx_word' id='word_1_273' title='bbox 358 2689 469 2743; x_wconf 81' lang='lat' dir='ltr'>lelrern</span> <span class='ocrx_word' id='word_1_274' title='bbox 489 2689 580 2753; x_wconf 87' lang='lat' dir='ltr'>denht,</span> <span class='ocrx_word' id='word_1_275' title='bbox 598 2688 662 2740; x_wconf 86' lang='lat' dir='ltr'>wlrd</span> <span class='ocrx_word' id='word_1_276' title='bbox 681 2687 765 2739; x_wconf 88' lang='lat' dir='ltr'>nichts</span> <span class='ocrx_word' id='word_1_277' title='bbox 817 2686 895 2740; x_wconf 88' lang='lat' dir='ltr'>durch</span> <span class='ocrx_word' id='word_1_278' title='bbox 912 2687 1026 2752; x_wconf 82' lang='lat' dir='ltr'>Angritle</span> <span class='ocrx_word' id='word_1_279' title='bbox 1044 2691 1141 2754; x_wconf 77' lang='lat' dir='ltr'>gestdrt</span> <span class='ocrx_word' id='word_1_280' title='bbox 1158 2687 1283 2741; x_wconf 85' lang='lat' dir='ltr'>wurden‘.</span> 
     </span>
     <span class='ocr_line' id='line_1_30' title="bbox 253 2750 1321 2823; baseline -0.006 -13"><span class='ocrx_word' id='word_1_281' title='bbox 253 2758 448 2811; x_wconf 80' lang='lat' dir='ltr'>llnnatr&#39;rrlicbes</span> <span class='ocrx_word' id='word_1_282' title='bbox 461 2759 531 2810; x_wconf 81' lang='lat' dir='ltr'>dorin</span> <span class='ocrx_word' id='word_1_283' title='bbox 544 2756 638 2820; x_wconf 88' lang='lat' dir='ltr'>linden,</span> <span class='ocrx_word' id='word_1_284' title='bbox 655 2756 711 2808; x_wconf 89' lang='lat' dir='ltr'>dats</span> <span class='ocrx_word' id='word_1_285' title='bbox 724 2755 764 2807; x_wconf 87' lang='lat' dir='ltr'>dle</span> <span class='ocrx_word' id='word_1_286' title='bbox 851 2759 875 2807; x_wconf 84' lang='lat' dir='ltr'>e.</span> <span class='ocrx_word' id='word_1_287' title='bbox 888 2757 988 2820; x_wconf 77' lang='lat' dir='ltr'>egressa·</span> <span class='ocrx_word' id='word_1_288' title='bbox 995 2774 1001 2806; x_wconf 90' lang='lat'>:</span> <span class='ocrx_word' id='word_1_289' title='bbox 1013 2750 1265 2823; x_wconf 79' lang='lat' dir='ltr'>‘hinnulgestiegen’;</span> <span class='ocrx_word' id='word_1_290' title='bbox 1278 2755 1321 2821; x_wconf 76' lang='lat' dir='ltr'>vgl.</span> 
     </span>
     <span class='ocr_line' id='line_1_31' title="bbox 253 2821 1322 2886; baseline -0.007 -6"><span class='ocrx_word' id='word_1_291' title='bbox 253 2827 299 2880; x_wconf 88' lang='lat' dir='ltr'>aut</span> <span class='ocrx_word' id='word_1_292' title='bbox 321 2826 369 2880; x_wconf 90' lang='lat' dir='ltr'>den</span> <span class='ocrx_word' id='word_1_293' title='bbox 389 2827 489 2878; x_wconf 72' lang='lat' dir='ltr'>Wallen</span> <span class='ocrx_word' id='word_1_294' title='bbox 514 2824 661 2878; x_wconf 89' lang='lat' dir='ltr'>Stebenden</span> <span class='ocrx_word' id='word_1_295' title='bbox 685 2823 764 2875; x_wconf 84' lang='lat' dir='ltr'>durch</span> <span class='ocrx_word' id='word_1_296' title='bbox 815 2825 857 2886; x_wconf 81' lang='lat'>9³,</span> <span class='ocrx_word' id='word_1_297' title='bbox 868 2827 891 2886; x_wconf 77' lang='lat' dir='ltr'>t,</span> <span class='ocrx_word' id='word_1_298' title='bbox 906 2837 947 2875; x_wconf 89' lang='lat' dir='ltr'>wo</span> <span class='ocrx_word' id='word_1_299' title='bbox 960 2823 1005 2874; x_wconf 88' lang='lat' dir='ltr'>das</span> <span class='ocrx_word' id='word_1_300' title='bbox 1019 2821 1092 2875; x_wconf 88' lang='lat' dir='ltr'>Wort</span> <span class='ocrx_word' id='word_1_301' title='bbox 1104 2824 1223 2876; x_wconf 83' lang='lat' dir='ltr'>zwelmal</span> <span class='ocrx_word' id='word_1_302' title='bbox 1236 2827 1262 2877; x_wconf 92' lang='lat' dir='ltr'>in</span> <span class='ocrx_word' id='word_1_303' title='bbox 1276 2838 1322 2875; x_wconf 87' lang='lat' dir='ltr'>ver·</span> 
     </span>
     <span class='ocr_line' id='line_1_32' title="bbox 254 2889 1321 2958; baseline -0.007 -10"><span class='ocrx_word' id='word_1_304' title='bbox 254 2896 304 2948; x_wconf 89' lang='lat' dir='ltr'>alle</span> <span class='ocrx_word' id='word_1_305' title='bbox 322 2896 376 2947; x_wconf 90' lang='lat' dir='ltr'>hier</span> <span class='ocrx_word' id='word_1_306' title='bbox 405 2893 575 2946; x_wconf 88' lang='lat' dir='ltr'>eschilderten</span> <span class='ocrx_word' id='word_1_307' title='bbox 588 2892 696 2943; x_wconf 87' lang='lat' dir='ltr'>Zeichen</span> <span class='ocrx_word' id='word_1_308' title='bbox 709 2891 764 2942; x_wconf 89' lang='lat' dir='ltr'>ihre</span> <span class='ocrx_word' id='word_1_309' title='bbox 816 2890 968 2942; x_wconf 88' lang='lat' dir='ltr'>schiedenen</span> <span class='ocrx_word' id='word_1_310' title='bbox 979 2889 1163 2958; x_wconf 80' lang='lat' dir='ltr'>Bedeutungen</span> <span class='ocrx_word' id='word_1_311' title='bbox 1173 2893 1321 2945; x_wconf 83' lang='lat' dir='ltr'>vorkommt</span> 
     </span>
     <span class='ocr_line' id='line_1_33' title="bbox 252 2959 1321 3028; baseline -0.007 -12"><span class='ocrx_word' id='word_1_312' title='bbox 252 2963 366 3017; x_wconf 86' lang='lat' dir='ltr'>lebhette</span> <span class='ocrx_word' id='word_1_313' title='bbox 401 2961 528 3014; x_wconf 89' lang='lat' dir='ltr'>eilnabme</span> <span class='ocrx_word' id='word_1_314' title='bbox 546 2974 575 3011; x_wconf 94' lang='lat' dir='ltr'>so</span> <span class='ocrx_word' id='word_1_315' title='bbox 591 2959 659 3011; x_wconf 84' lang='lat' dir='ltr'>hund</span> <span class='ocrx_word' id='word_1_316' title='bbox 673 2959 764 3025; x_wconf 77' lang='lat' dir='ltr'>gabea,</span> <span class='ocrx_word' id='word_1_317' title='bbox 849 2963 873 3010; x_wconf 81' lang='lat' dir='ltr'>t.</span> <span class='ocrx_word' id='word_1_318' title='bbox 886 2974 957 3009; x_wconf 81' lang='lat' dir='ltr'>unae</span> <span class='ocrx_word' id='word_1_319' title='bbox 968 2963 1048 3024; x_wconf 82' lang='lat' dir='ltr'>atque</span> <span class='ocrx_word' id='word_1_320' title='bbox 1060 2961 1174 3011; x_wconf 79' lang='lat' dir='ltr'>alterae:</span> <span class='ocrx_word' id='word_1_321' title='bbox 1187 2962 1241 3028; x_wconf 69' lang='lat' dir='ltr'>vgl.</span> <span class='ocrx_word' id='word_1_322' title='bbox 1255 2965 1294 3024; x_wconf 80' lang='grc'>93,</span> <span class='ocrx_word' id='word_1_323' title='bbox 1303 2962 1321 3010; x_wconf 76' lang='lat' dir='ltr'>l.</span> 
     </span>
     <span class='ocr_line' id='line_1_34' title="bbox 252 3026 1321 3093; baseline 0 -9"><span class='ocrx_word' id='word_1_324' title='bbox 252 3033 291 3084; x_wconf 93' lang='lat' dir='ltr'>als</span> <span class='ocrx_word' id='word_1_325' title='bbox 310 3031 343 3082; x_wconf 95' lang='lat' dir='ltr'>ob</span> <span class='ocrx_word' id='word_1_326' title='bbox 362 3030 399 3081; x_wconf 91' lang='lat' dir='ltr'>sle</span> <span class='ocrx_word' id='word_1_327' title='bbox 416 3044 467 3081; x_wconf 87' lang='lat' dir='ltr'>von</span> <span class='ocrx_word' id='word_1_328' title='bbox 486 3028 535 3080; x_wconf 92' lang='lat' dir='ltr'>den</span> <span class='ocrx_word' id='word_1_329' title='bbox 557 3026 676 3078; x_wconf 87' lang='lat' dir='ltr'>draulsen</span> <span class='ocrx_word' id='word_1_330' title='bbox 694 3026 764 3077; x_wconf 72' lang='lat' dir='ltr'>kim·</span> <span class='ocrx_word' id='word_1_331' title='bbox 849 3026 893 3081; x_wconf 77' lang='grc'>61.</span> <span class='ocrx_word' id='word_1_332' title='bbox 913 3032 934 3079; x_wconf 87' lang='lat' dir='ltr'>t.</span> <span class='ocrx_word' id='word_1_333' title='bbox 951 3031 1096 3093; x_wconf 79' lang='lat' dir='ltr'>inceptum:</span> <span class='ocrx_word' id='word_1_334' title='bbox 1115 3028 1321 3084; x_wconf 77' lang='lat' dir='ltr'>substantiviscb</span> 
     </span>
     <span class='ocr_line' id='line_1_35' title="bbox 254 3093 1320 3166; baseline -0.004 -17"><span class='ocrx_word' id='word_1_335' title='bbox 254 3099 364 3166; x_wconf 85' lang='lat' dir='ltr'>ptenden</span> <span class='ocrx_word' id='word_1_336' title='bbox 379 3096 517 3148; x_wconf 89' lang='lat' dir='ltr'>Numldern</span> <span class='ocrx_word' id='word_1_337' title='bbox 535 3094 626 3162; x_wconf 77' lang='lat' dir='ltr'>gehdrt</span> <span class='ocrx_word' id='word_1_338' title='bbox 644 3094 705 3146; x_wconf 86' lang='lat' dir='ltr'>oder</span> <span class='ocrx_word' id='word_1_339' title='bbox 723 3108 766 3160; x_wconf 80' lang='lat' dir='ltr'>ge·</span> <span class='ocrx_word' id='word_1_340' title='bbox 816 3093 921 3151; x_wconf 74' lang='lat' dir='ltr'>frustra</span> <span class='ocrx_word' id='word_1_341' title='bbox 945 3095 1037 3160; x_wconf 81' lang='lat' dir='ltr'>gebdrt</span> <span class='ocrx_word' id='word_1_342' title='bbox 1058 3111 1089 3147; x_wconf 87' lang='lat' dir='ltr'>zu</span> <span class='ocrx_word' id='word_1_343' title='bbox 1112 3096 1169 3147; x_wconf 86' lang='lat' dir='ltr'>dem</span> <span class='ocrx_word' id='word_1_344' title='bbox 1192 3097 1320 3150; x_wconf 89' lang='lat' dir='ltr'>lehlenden</span> 
     </span>
     <span class='ocr_line' id='line_1_36' title="bbox 251 3162 1008 3227; baseline -0.005 -9"><span class='ocrx_word' id='word_1_345' title='bbox 251 3166 332 3218; x_wconf 88' lang='lat' dir='ltr'>seben</span> <span class='ocrx_word' id='word_1_346' title='bbox 351 3165 453 3216; x_wconf 81' lang='lat' dir='ltr'>werden</span> <span class='ocrx_word' id='word_1_347' title='bbox 472 3163 594 3227; x_wconf 87' lang='lat' dir='ltr'>lrdnnten,</span> <span class='ocrx_word' id='word_1_348' title='bbox 613 3163 676 3214; x_wconf 89' lang='lat' dir='ltr'>auch</span> <span class='ocrx_word' id='word_1_349' title='bbox 690 3177 766 3214; x_wconf 86' lang='lat' dir='ltr'>wenn</span> <span class='ocrx_word' id='word_1_350' title='bbox 817 3162 928 3214; x_wconf 88' lang='lat' dir='ltr'>Verbum</span> <span class='ocrx_word' id='word_1_351' title='bbox 947 3179 1008 3214; x_wconf 80' lang='lat' dir='ltr'>esse.</span> 
     </span>
     <span class='ocr_line' id='line_1_37' title="bbox 251 3229 1358 3297; baseline -0.003 -12"><span class='ocrx_word' id='word_1_352' title='bbox 251 3233 308 3286; x_wconf 87' lang='lat' dir='ltr'>(lies</span> <span class='ocrx_word' id='word_1_353' title='bbox 331 3232 447 3284; x_wconf 89' lang='lat' dir='ltr'>wlrklicb</span> <span class='ocrx_word' id='word_1_354' title='bbox 469 3231 540 3283; x_wconf 86' lang='lat' dir='ltr'>nicht</span> <span class='ocrx_word' id='word_1_355' title='bbox 561 3229 605 3282; x_wconf 89' lang='lat' dir='ltr'>der</span> <span class='ocrx_word' id='word_1_356' title='bbox 624 3230 678 3282; x_wconf 79' lang='lat' dir='ltr'>Fall</span> <span class='ocrx_word' id='word_1_357' title='bbox 704 3245 765 3282; x_wconf 87' lang='lat' dir='ltr'>war.</span> <span class='ocrx_word' id='word_1_358' title='bbox 850 3245 1089 3297; x_wconf 80' lang='lat' dir='ltr'>neque...nsque:</span> <span class='ocrx_word' id='word_1_359' title='bbox 1116 3246 1147 3282; x_wconf 85' lang='lat' dir='ltr'>zu</span> <span class='ocrx_word' id='word_1_360' title='bbox 1166 3231 1220 3284; x_wconf 78' lang='lat' dir='ltr'>cat.</span> <span class='ocrx_word' id='word_1_361' title='bbox 1245 3233 1320 3296; x_wconf 83' lang='grc'>58,1.</span> <span class='ocrx_word' id='word_1_362' title='bbox 1357 3255 1358 3262; x_wconf 33' lang='grc' dir='ltr'><strong>ι</strong></span> 
     </span>
     <span class='ocr_line' id='line_1_38' title="bbox 286 3297 1136 3364; baseline 0.001 -14"><span class='ocrx_word' id='word_1_363' title='bbox 286 3315 405 3351; x_wconf 79' lang='lat' dir='ltr'>monere:</span> <span class='ocrx_word' id='word_1_364' title='bbox 416 3297 598 3352; x_wconf 84' lang='lat' dir='ltr'>‘aulmerlrsam</span> <span class='ocrx_word' id='word_1_365' title='bbox 607 3297 768 3350; x_wconf 89' lang='lat' dir='ltr'>machenaul</span> <span class='ocrx_word' id='word_1_366' title='bbox 848 3314 897 3350; x_wconf 75' lang='lat' dir='ltr'>auo</span> <span class='ocrx_word' id='word_1_367' title='bbox 916 3301 986 3351; x_wconf 89' lang='lat' dir='ltr'>loeo:</span> <span class='ocrx_word' id='word_1_368' title='bbox 1003 3315 1036 3350; x_wconf 83' lang='lat' dir='ltr'>au</span> <span class='ocrx_word' id='word_1_369' title='bbox 1055 3303 1096 3364; x_wconf 82' lang='lat' dir='ltr'>bt,</span> <span class='ocrx_word' id='word_1_370' title='bbox 1113 3302 1136 3352; x_wconf 85' lang='lat'>8.</span> 
     </span>
     <span class='ocr_line' id='line_1_39' title="bbox 251 3357 1211 3433; baseline -0.002 -12"><span class='ocrx_word' id='word_1_371' title='bbox 251 3373 352 3432; x_wconf 85' lang='lat' dir='ltr'>etwas,</span> <span class='ocrx_word' id='word_1_372' title='bbox 390 3367 435 3420; x_wconf 88' lang='lat' dir='ltr'>das</span> <span class='ocrx_word' id='word_1_373' title='bbox 464 3383 495 3420; x_wconf 84' lang='lat' dir='ltr'>au</span> <span class='ocrx_word' id='word_1_374' title='bbox 525 3367 650 3419; x_wconf 88' lang='lat' dir='ltr'>beacbten</span> <span class='ocrx_word' id='word_1_375' title='bbox 680 3357 765 3428; x_wconf 52' lang='lat' dir='ltr'>wirce}</span> <span class='ocrx_word' id='word_1_376' title='bbox 850 3371 988 3420; x_wconf 74' lang='lat' dir='ltr'>aestatem:</span> <span class='ocrx_word' id='word_1_377' title='bbox 1006 3368 1057 3433; x_wconf 75' lang='lat' dir='ltr'>vgl.</span> <span class='ocrx_word' id='word_1_378' title='bbox 1077 3381 1108 3418; x_wconf 82' lang='lat' dir='ltr'>eu</span> <span class='ocrx_word' id='word_1_379' title='bbox 1126 3370 1168 3432; x_wconf 86' lang='grc'>46,</span> <span class='ocrx_word' id='word_1_380' title='bbox 1186 3372 1211 3422; x_wconf 91' lang='grc'>5.</span> 
     </span>
     <span class='ocr_line' id='line_1_40' title="bbox 253 3430 1321 3502; baseline -0.004 -13"><span class='ocrx_word' id='word_1_381' title='bbox 253 3439 361 3489; x_wconf 76' lang='lat' dir='ltr'>hortari</span> <span class='ocrx_word' id='word_1_382' title='bbox 384 3430 537 3489; x_wconf 81' lang='lat' dir='ltr'>‘ermuntern</span> <span class='ocrx_word' id='word_1_383' title='bbox 568 3451 626 3488; x_wconf 85' lang='lat' dir='ltr'>zum</span> <span class='ocrx_word' id='word_1_384' title='bbox 651 3433 764 3502; x_wconf 84' lang='lat' dir='ltr'>tapleren</span> <span class='ocrx_word' id='word_1_385' title='bbox 849 3437 880 3485; x_wconf 84' lang='lat' dir='ltr'>in</span> <span class='ocrx_word' id='word_1_386' title='bbox 898 3438 936 3486; x_wconf 78' lang='lat' dir='ltr'>eta</span> <span class='ocrx_word' id='word_1_387' title='bbox 956 3437 1261 3501; x_wconf 76' lang='lat' dir='ltr'>urbibus...a&#39;npoeutt:</span> <span class='ocrx_word' id='word_1_388' title='bbox 1284 3449 1321 3486; x_wconf 89' lang='lat' dir='ltr'>an·</span> 
     </span>
     <span class='ocr_line' id='line_1_41' title="bbox 253 3496 1320 3572; baseline -0.003 -16"><span class='ocrx_word' id='word_1_389' title='bbox 253 3496 378 3572; x_wconf 84' lang='lat' dir='ltr'>Kampie‘.</span> <span class='ocrx_word' id='word_1_390' title='bbox 815 3502 875 3554; x_wconf 88' lang='lat' dir='ltr'>dere</span> <span class='ocrx_word' id='word_1_391' title='bbox 894 3501 995 3555; x_wconf 84' lang='lat' dir='ltr'>Konstr.</span> <span class='ocrx_word' id='word_1_392' title='bbox 1014 3503 1053 3555; x_wconf 90' lang='lat' dir='ltr'>als</span> <span class='ocrx_word' id='word_1_393' title='bbox 1070 3507 1112 3568; x_wconf 77' lang='lat' dir='ltr'>t&#39;t,</span> <span class='ocrx_word' id='word_1_394' title='bbox 1132 3508 1157 3564; x_wconf 89' lang='lat' dir='ltr'>t;</span> <span class='ocrx_word' id='word_1_395' title='bbox 1180 3504 1267 3556; x_wconf 83' lang='lat' dir='ltr'>woltrr</span> <span class='ocrx_word' id='word_1_396' title='bbox 1283 3503 1320 3554; x_wconf 84' lang='lat' dir='ltr'>be·</span> 
     </span>
     <span class='ocr_line' id='line_1_42' title="bbox 286 3566 1319 3640; baseline -0.005 -17"><span class='ocrx_word' id='word_1_397' title='bbox 286 3575 340 3623; x_wconf 78' lang='lat' dir='ltr'>niti</span> <span class='ocrx_word' id='word_1_398' title='bbox 350 3573 519 3640; x_wconf 77' lang='lat' dir='ltr'>corporibus:</span> <span class='ocrx_word' id='word_1_399' title='bbox 531 3566 578 3623; x_wconf 84' lang='lat' dir='ltr'>‘sie</span> <span class='ocrx_word' id='word_1_400' title='bbox 591 3572 708 3624; x_wconf 89' lang='lat' dir='ltr'>macbten</span> <span class='ocrx_word' id='word_1_401' title='bbox 721 3585 764 3622; x_wconf 86' lang='lat' dir='ltr'>arr·</span> <span class='ocrx_word' id='word_1_402' title='bbox 815 3570 950 3622; x_wconf 89' lang='lat' dir='ltr'>stimmend</span> <span class='ocrx_word' id='word_1_403' title='bbox 962 3572 1004 3636; x_wconf 90' lang='lat' dir='ltr'>ist,</span> <span class='ocrx_word' id='word_1_404' title='bbox 1016 3569 1073 3625; x_wconf 87' lang='lat' dir='ltr'>dats</span> <span class='ocrx_word' id='word_1_405' title='bbox 1090 3569 1152 3625; x_wconf 86' lang='lat' dir='ltr'>hiet.</span> <span class='ocrx_word' id='word_1_406' title='bbox 1164 3571 1206 3624; x_wconf 91' lang='lat' dir='ltr'>die</span> <span class='ocrx_word' id='word_1_407' title='bbox 1218 3571 1319 3623; x_wconf 82' lang='lat' dir='ltr'>Provlnz</span> 
     </span>
     <span class='ocr_line' id='line_1_43' title="bbox 253 3637 1319 3726; baseline -0.006 -33"><span class='ocrx_word' id='word_1_408' title='bbox 253 3644 399 3708; x_wconf 76' lang='lat' dir='ltr'>gestrengte</span> <span class='ocrx_word' id='word_1_409' title='bbox 415 3639 610 3706; x_wconf 76' lang='lat' dir='ltr'>Bewegunqen,</span> <span class='ocrx_word' id='word_1_410' title='bbox 627 3637 763 3726; x_wconf 78' lang='lat' dir='ltr'>ltampige-</span> <span class='ocrx_word' id='word_1_411' title='bbox 814 3639 955 3691; x_wconf 78' lang='lat' dir='ltr'>verlitst</span> <span class='ocrx_word' id='word_1_412' title='bbox 972 3639 1024 3690; x_wconf 92' lang='lat' dir='ltr'>und</span> <span class='ocrx_word' id='word_1_413' title='bbox 1042 3637 1082 3691; x_wconf 90' lang='lat' dir='ltr'>dle</span> <span class='ocrx_word' id='word_1_414' title='bbox 1094 3639 1152 3691; x_wconf 92' lang='lat' dir='ltr'>dort</span> <span class='ocrx_word' id='word_1_415' title='bbox 1165 3639 1234 3692; x_wconf 82' lang='lat' dir='ltr'>wohl</span> <span class='ocrx_word' id='word_1_416' title='bbox 1247 3640 1319 3692; x_wconf 90' lang='lat' dir='ltr'>scbon</span> 
     </span>
     <span class='ocr_line' id='line_1_44' title="bbox 255 3705 1318 3774; baseline -0.008 -12"><span class='ocrx_word' id='word_1_417' title='bbox 255 3709 348 3762; x_wconf 82' lang='lat' dir='ltr'>berdan</span> <span class='ocrx_word' id='word_1_418' title='bbox 362 3709 407 3760; x_wconf 91' lang='lat' dir='ltr'>mit</span> <span class='ocrx_word' id='word_1_419' title='bbox 419 3708 476 3760; x_wconf 91' lang='lat' dir='ltr'>dern</span> <span class='ocrx_word' id='word_1_420' title='bbox 488 3722 585 3774; x_wconf 79' lang='lat' dir='ltr'>ganacn</span> <span class='ocrx_word' id='word_1_421' title='bbox 598 3707 713 3772; x_wconf 80' lang='lat' dir='ltr'>lldrper‚</span> <span class='ocrx_word' id='word_1_422' title='bbox 730 3706 764 3758; x_wconf 91' lang='lat' dir='ltr'>im</span> <span class='ocrx_word' id='word_1_423' title='bbox 814 3707 865 3758; x_wconf 84' lang='lat' dir='ltr'>wie</span> <span class='ocrx_word' id='word_1_424' title='bbox 877 3705 984 3774; x_wconf 76' lang='lat' dir='ltr'>ravaga</span> <span class='ocrx_word' id='word_1_425' title='bbox 997 3707 1136 3759; x_wconf 88' lang='lat' dir='ltr'>stehenden</span> <span class='ocrx_word' id='word_1_426' title='bbox 1147 3707 1318 3773; x_wconf 76' lang='lat' dir='ltr'>Besataungen</span> 
     </span>
     <span class='ocr_line' id='line_1_45' title="bbox 251 3773 1318 3844; baseline -0.005 -14"><span class='ocrx_word' id='word_1_427' title='bbox 251 3777 395 3844; x_wconf 77' lang='lat' dir='ltr'>degenerata</span> <span class='ocrx_word' id='word_1_428' title='bbox 405 3793 436 3829; x_wconf 86' lang='lat' dir='ltr'>au</span> <span class='ocrx_word' id='word_1_429' title='bbox 448 3791 530 3826; x_wconf 82' lang='lat' dir='ltr'>mane</span> <span class='ocrx_word' id='word_1_430' title='bbox 538 3775 705 3842; x_wconf 66' lang='lat' dir='ltr'>signifieat-123</span> <span class='ocrx_word' id='word_1_431' title='bbox 719 3773 764 3825; x_wconf 88' lang='lat' dir='ltr'>das</span> <span class='ocrx_word' id='word_1_432' title='bbox 813 3789 846 3827; x_wconf 88' lang='lat' dir='ltr'>an</span> <span class='ocrx_word' id='word_1_433' title='bbox 858 3773 903 3826; x_wconf 83' lang='lat' dir='ltr'>Ort</span> <span class='ocrx_word' id='word_1_434' title='bbox 911 3775 962 3826; x_wconf 90' lang='lat' dir='ltr'>und</span> <span class='ocrx_word' id='word_1_435' title='bbox 974 3774 1053 3827; x_wconf 85' lang='lat' dir='ltr'>stelle</span> <span class='ocrx_word' id='word_1_436' title='bbox 1067 3775 1197 3836; x_wconf 58' lang='lat' dir='ltr'>boliten</span> <span class='ocrx_word' id='word_1_437' title='bbox 1210 3777 1261 3842; x_wconf 77' lang='lat' dir='ltr'>vgl.</span> <span class='ocrx_word' id='word_1_438' title='bbox 1272 3775 1318 3826; x_wconf 78' lang='lat' dir='ltr'>tir.</span> 
     </span>
     <span class='ocr_line' id='line_1_46' title="bbox 252 3841 1356 3924; baseline -0.005 -27"><span class='ocrx_word' id='word_1_439' title='bbox 252 3843 765 3924; x_wconf 74' lang='lat' dir='ltr'>llolgende,durchetangelrndptt,giebt</span> <span class='ocrx_word' id='word_1_440' title='bbox 816 3845 856 3906; x_wconf 72' lang='lat' dir='ltr'>dl,</span> <span class='ocrx_word' id='word_1_441' title='bbox 882 3846 912 3895; x_wconf 83' lang='lat'>18</span> <span class='ocrx_word' id='word_1_442' title='bbox 937 3844 1073 3910; x_wconf 73' lang='lat' dir='ltr'>Philippus</span> <span class='ocrx_word' id='word_1_443' title='bbox 1096 3847 1213 3910; x_wconf 74' lang='lat' dir='ltr'>inposito</span> <span class='ocrx_word' id='word_1_444' title='bbox 1237 3841 1320 3909; x_wconf 74' lang='lat' dir='ltr'>Abydi</span> <span class='ocrx_word' id='word_1_445' title='bbox 1355 3857 1356 3874; x_wconf 60' lang='grc' dir='ltr'><strong>ι</strong></span> 
     </span>
     <span class='ocr_line' id='line_1_47' title="bbox 251 3910 1234 3980; baseline -0.002 -14"><span class='ocrx_word' id='word_1_446' title='bbox 251 3915 309 3967; x_wconf 90' lang='lat' dir='ltr'>eine</span> <span class='ocrx_word' id='word_1_447' title='bbox 327 3927 453 3980; x_wconf 69' lang='lat' dir='ltr'>gemuere</span> <span class='ocrx_word' id='word_1_448' title='bbox 465 3911 607 3978; x_wconf 78' lang='lat' dir='ltr'>Erklirung</span> <span class='ocrx_word' id='word_1_449' title='bbox 622 3911 705 3963; x_wconf 80' lang='lat' dir='ltr'>dieser</span> <span class='ocrx_word' id='word_1_450' title='bbox 716 3910 765 3964; x_wconf 74' lang='lat' dir='ltr'>Ge·</span> <span class='ocrx_word' id='word_1_451' title='bbox 813 3911 950 3978; x_wconf 78' lang='lat' dir='ltr'>praesidio</span> <span class='ocrx_word' id='word_1_452' title='bbox 967 3913 997 3961; x_wconf 83' lang='lat' dir='ltr'>in</span> <span class='ocrx_word' id='word_1_453' title='bbox 1014 3925 1128 3977; x_wconf 66' lang='lat' dir='ltr'>repetam</span> <span class='ocrx_word' id='word_1_454' title='bbox 1145 3913 1234 3964; x_wconf 72' lang='lat' dir='ltr'>rediit.</span> 
     </span>
    </p>
   </div>
   <div class='ocr_carea' id='block_1_4' title="bbox 115 1873 152 1934">
    <p class='ocr_par' dir='ltr' id='par_1_11' title="bbox 115 1873 152 1934">
     <span class='ocr_line' id='line_1_48' title="bbox 115 1873 152 1934; baseline 0 0"><span class='ocrx_word' id='word_1_455' title='bbox 115 1873 152 1934; x_wconf 54' lang='lat' dir='ltr'>N</span> 
     </span>
    </p>
   </div>
   <div class='ocr_carea' id='block_1_5' title="bbox 251 3978 1317 4041">
    <p class='ocr_par' dir='ltr' id='par_1_12' title="bbox 251 3978 1317 4041">
     <span class='ocr_line' id='line_1_49' title="bbox 251 3978 1317 4041; baseline -0.007 -7"><span class='ocrx_word' id='word_1_456' title='bbox 251 3982 356 4034; x_wconf 82' lang='lat' dir='ltr'>berder.</span> <span class='ocrx_word' id='word_1_457' title='bbox 850 3979 887 4030; x_wconf 87' lang='lat' dir='ltr'>ad</span> <span class='ocrx_word' id='word_1_458' title='bbox 911 3995 939 4030; x_wconf 83' lang='lat' dir='ltr'>aa</span> <span class='ocrx_word' id='word_1_459' title='bbox 964 3978 1129 4041; x_wconf 77' lang='lat' dir='ltr'>defecerant:</span> <span class='ocrx_word' id='word_1_460' title='bbox 1164 3981 1209 4032; x_wconf 82' lang='lat' dir='ltr'>das</span> <span class='ocrx_word' id='word_1_461' title='bbox 1238 3979 1317 4032; x_wconf 76' lang='lat' dir='ltr'>celles</span> 
     </span>
    </p>
   </div>
   <div class='ocr_carea' id='block_1_6' title="bbox 0 0 1374 4576">
    <p class='ocr_par' dir='ltr' id='par_1_13' title="bbox 0 0 1374 4576">
     <span class='ocr_line' id='line_1_50' title="bbox 0 0 1374 4576; baseline 0 3"><span class='ocrx_word' id='word_1_462' title='bbox 0 0 1374 4576; x_wconf 95' lang='lat' dir='ltr'> </span> 
     </span>
    </p>
   </div>
  </div>
 </body>
</html>
