2766 4568
264 279 326 340 194
639 282 666 333 C.
685 277 841 334 subtusa!
858 279 960 332 GRlSPl

224 513 228 518 .
262 454 364 535 ingeni
378 472 486 534 paoem
504 462 591 534 atone
613 453 725 515 bollum
744 459 862 514 moero
881 453 1002 526 solitus,
1024 471 1131 533 parum
1153 454 1331 534 exploratum

211 544 248 601 86
261 549 317 602 est.
348 540 405 601 Sed
420 540 541 614 oonsul,
558 540 600 600 uti
615 547 772 612 statuerat,
793 538 902 618 oppida
920 538 1096 618 castellaque
1117 540 1234 601 mnnita
1249 541 1332 614 adire,

261 625 408 706 paramini
422 625 477 687 alia
493 633 573 686 metu
588 633 639 685 ant
652 624 783 704 praemia
798 625 976 685 ostentando
990 633 1123 684 avortere
1139 625 1177 685 ab
1192 625 1331 687 hostibus.

224 717 240 768 2
261 712 302 772 Ao
317 711 413 790 primo
428 709 588 771 mediocria
603 709 739 789 gerebat,
762 709 943 770 existumans
957 707 1130 788 Iugurtham
1145 709 1185 770 ob
1204 723 1276 772 suos
1289 719 1331 771 tu-

223 803 240 852 a
260 796 369 858 landos
380 795 412 857 in
426 814 533 858 manus
546 802 714 856 venturum.
745 793 805 854 Sed
818 793 871 854 ubi
886 793 969 854 illum
990 795 1096 873 prneul
1110 795 1215 856 abesse
1230 805 1261 856 et
1274 796 1330 856 aliis

261 881 388 962 negotiis
403 881 551 942 intentum
563 879 686 958 aeoepit,
700 878 811 940 maiora
824 887 854 939 et
865 879 959 957 magis
969 897 1074 958 aspera
1084 881 1204 960 aggredi
1218 887 1330 960 tempus

259 966 353 1028 visum
370 974 423 1026 est.

220 1058 236 1111 l
343 1051 417 1110 Erat
428 1049 508 1110 inter
523 1049 652 1128 ingentis
667 1049 840 1110 solitudines
856 1047 998 1127 oppidum
1018 1067 1160 1128 magnum
1183 1058 1274 1128 atque
1287 1069 1329 1110 va-

258 1136 323 1198 lens
338 1135 461 1195 nomine
476 1135 578 1214 Capsa,
593 1134 677 1195 ouius
692 1133 830 1195 eonditor
841 1134 984 1196 Hereules
999 1133 1088 1214 Libys
1103 1135 1328 1196 memorabatur.

258 1220 331 1282 Eius
346 1219 423 1281 cives
438 1221 515 1299 apud
530 1220 702 1298 lugurtbam
716 1219 865 1292 inmunes,
879 1219 936 1280 lavi
950 1219 1089 1298 imperio,
1113 1229 1144 1282 et
1158 1219 1200 1280 oh
1214 1239 1249 1281 ea
1264 1222 1329 1281 lide·

259 1305 372 1366 lissumi
388 1303 582 1378 habebantur,
597 1305 704 1366 muniti
719 1305 875 1366 adranam
889 1304 986 1366 hostis
999 1322 1060 1364 non
1075 1305 1235 1366 moenibus
1246 1305 1328 1366 modo

259 1397 290 1452 ot
304 1390 392 1451 armis
407 1398 495 1470 atqua
508 1391 596 1464 viris,
614 1407 716 1451 venem
740 1389 826 1450 etiam
848 1389 943 1450 multo
963 1389 1061 1468 magis«
1071 1391 1205 1451 loeorum
1221 1391 1328 1470 asperi·

222 1479 237 1528 5
259 1483 327 1536 tate.
364 1475 438 1536 Nam
457 1483 576 1555 praeter
598 1475 706 1555 oppido
727 1474 895 1555 propinqua
918 1474 974 1534 alia
995 1475 1095 1535 omnia
1114 1483 1196 1537 vasta
1212 1476 1327 1548 ineslta,

259 1561 376 1639 egentia
387 1577 488 1639 aquae,
505 1561 611 1622 intesta
627 1559 824 1640 serpentibus,
841 1561 1028 1638 quorumvis,
1044 1560 1131 1621 sienti
1144 1561 1280 1638 omnium
1291 1562 1326 1620 le

258 1663 373 1720 rarum,
384 1646 485 1725 inopia
500 1646 558 1708 eibi
574 1646 684 1721 aerior3
700 1646 736 1706 ad
750 1645 807 1706 boe
822 1653 927 1706 natura
942 1645 1135 1724 serpentium,
1150 1648 1215 1725 ipsa
1229 1645 1326 1724 perni-

221 1735 236 1785 6
258 1731 346 1806 diosa,
362 1731 409 1792 siti
424 1731 620 1812 magisquam
635 1731 736 1791 aliare
752 1729 935 1791 aeoenditur.
963 1729 1035 1792 llius
1055 1731 1192 1809 potiundi
1208 1731 1325 1792 Marium

257 1834 392 1876 maxuma
409 1817 521 1896 cupido·
532 1817 687 1888 invaserat,
703 1833 772 1877 eum
786 1823 909 1894 propter
925 1833 1013 1876 nsum
1025 1815 1106 1890 belli,
1119 1823 1184 1876 tum
1200 1817 1272 1896 quia
1285 1833 1326 1876 res

257 1919 362 1980 aspera
375 1901 529 1963 uidebatur
543 1909 575 1963 et
591 1901 725 1962 blatellus
746 1900 888 1980 oppidum
903 1900 1025 1960 Thalam
1045 1919 1154 1980 magna
1173 1901 1268 1979 gloria
1283 1919 1324 1962 oe·

256 1994 350 2066 perat,
365 1987 444 2048 haud
460 1987 639 2048 dissimiliter
653 1987 740 2047 situm
757 1985 973 2064 munitumque,
988 1985 1046 2046 nisi
1061 1986 1139 2064 qaod
1159 1988 1238 2066 apud
1254 1986 1324 2046 'lba-

256 2070 316 2132 lan
331 2090 391 2132 non
407 2071 496 2152 longe
512 2070 700 2132 amoenibus
714 2071 828 2149 aliquot
847 2071 945 2131 lentes
968 2079 1069 2144 erant,
1091 2070 1255 2150 Capsenses
1272 2089 1325 2131 nna

255 2157 345 2217 modo
361 2165 449 2234 atque
465 2175 499 2216 ea
513 2157 589 2217 intra
608 2155 750 2236 oppidum
766 2155 826 2234 iugi
842 2173 926 2234 aqua,
942 2149 1039 2216 ceter‘d
1051 2155 1322 2234 pluvidutehantur.

219 2247 234 2296 t
255 2233 291 2302 ld
305 2241 407 2318 ibique
421 2249 450 2300 et
464 2241 495 2301 in
512 2241 593 2302 omni
609 2241 715 2316 hlrioa,
732 2258 807 2320 quae
822 2240 929 2320 prooul
942 2259 959 2301 a
974 2241 1048 2302 mari
1063 2241 1206 2303 incultius
1217 2241 1322 2320 agebat

256 2344 293 2386 eo
307 2325 421 2386 facilius
435 2325 631 2399 tolerabatur,
649 2326 716 2404 quia
732 2325 873 2386 Numidae
893 2325 1069 2405 plenamque
1090 2326 1166 2386 laete
1189 2335 1219 2388 et
1235 2327 1323 2388 lerina

255 2427 344 2472 earne
359 2410 554 2470 vescebantur
569 2419 598 2471 et
612 2429 709 2490 neque
729 2411 820 2472 salem
842 2429 940 2489 noque
961 2411 1015 2470 alia
1033 2410 1223 2472 inritamenta
1244 2411 1325 2489 gulae

216 2502 232 2553 8
255 2495 451 2574 quaerebant:
467 2495 551 2558 cibus
566 2496 622 2558 illis
636 2495 776 2558 advorsus
791 2497 899 2557 famem
914 2504 1002 2575 atque
1018 2495 1111 2570 sitim,
1126 2515 1189 2558 non
1205 2495 1322 2558 lubidini

253 2610 300 2663 das
322 2610 384 2677 lolg.
410 2609 502 2664 Partie.
526 2613 621 2664 solitus
641 2635 676 2656 =
700 2615 763 2679 qnia
815 2625 846 2662 an
856 2610 905 2663 den
915 2626 946 2662 an
954 2607 1088 2663 Masinissa
1098 2610 1324 2678 gegebenenStid·

253 2680 348 2731 solitas
365 2685 427 2732 erat·
440 2680 601 2734 anscbliesst.
815 2683 857 2731 ten
876 2681 917 2743 (zu
931 2683 954 2741 5,
967 2683 982 2730 l
995 2694 1021 2733 u.
1034 2683 1075 2743 66,
1090 2683 1114 2743 1)
1133 2679 1249 2746 gehdrte.

287 2749 433 2800 aeeimret:
461 2761 513 2800 von
536 2748 667 2802 Personen
693 2748 764 2801 nieht
847 2749 983 2798 inmunes:
1000 2741 1199 2814 ‘ahgabenlrei’.

252 2816 429 2882 gewdhnliob;
450 2817 516 2870 doch
527 2817 578 2882 vgl.
595 2820 651 2882 107,
663 2821 687 2868 e.
705 2815 764 2869 llier
848 2815 1026 2866 delabentem:
1039 2830 1131 2882 wegen
1143 2815 1189 2868 der
1200 2817 1322 2869 verschie

253 2884 338 2936 maoht
350 2884 396 2936 der
406 2885 500 2936 Zusata
509 2888 625 2948 gravior
636 2884 685 2936 den
698 2883 762 2936 Aus—
814 2881 895 2935 denen
908 2881 1059 2950 Bedeutung
1072 2883 1155 2936 dieses
1165 2883 1291 2938 Verbnms
1299 2885 1321 2934 in

252 2951 333 3004 druck
351 2953 410 3004 sehr
426 2951 544 3018 passend.
813 2949 980 3017 Verbindung
997 2952 1044 3002 mit
1061 2951 1111 3003 den
1127 2953 1322 3006 verschiedenen

285 3019 333 3076 86.
353 3023 375 3072 1.
393 3023 479 3070 metu:
503 3019 537 3070 iot
554 3018 596 3071 hir
613 3017 667 3070 sich
686 3018 762 3071 allein
814 3017 1155 3086 Prddilratshestimmungen
1178 3022 1233 3087 vgl.
1256 3025 1324 3074 unter

251 3087 290 3139 als
308 3086 366 3138 Abl.
385 3087 500 3138 instrum.
523 3101 555 3138 zu
579 3086 677 3151 lassen,
702 3086 763 3139 tha·
814 3086 871 3139 and.
884 3090 925 3150 64,
938 3087 1018 3139 eund
1032 3101 1065 3138 zu
1077 3087 1130 3141 Get.
1145 3089 1168 3154 1,
1181 3091 1210 3150 43
1224 3091 1249 3153 2,
1262 3092 1285 3142 t.

251 3154 303 3206 liob
321 3156 362 3216 66,
384 3156 408 3214 1;
427 3154 479 3219 vgl.
498 3167 529 3204 zu
548 3156 589 3216 23,
609 3157 631 3207 1.
848 3157 871 3208 6.
889 3169 967 3205 usum
985 3156 1059 3207 belli:
1079 3171 1110 3207 zu
1125 3159 1165 3220 84,
1179 3159 1202 3208 3.

285 3224 308 3274 d.
329 3223 445 3286 nogotiis
466 3224 610 3274 intentatae:
633 3223 684 3275 wie
708 3223 761 3278 (lat.
847 3225 921 3288 tagi:
939 3225 1014 3288 iugis
1031 3223 1154 3289 aquaist
1173 3217 1324 3277 ‘dauerndes

251 3293 274 3354 2,
293 3291 318 3342 9.
812 3290 961 3356 (anbaltend
980 3290 1138 3358 quellendes)
1158 3287 1286 3346 Wasser'.

284 3360 308 3410 4.
328 3357 426 3423 Copae:
440 3357 507 3421 jetrt
519 3357 604 3424 Galsa,
623 3359 658 3410 im
670 3357 761 3410 Gebiet
846 3364 945 3410 cetera:
964 3360 1074 3412 ndmlieh
1092 3375 1171 3425 apua.

250 3423 419 3493 derllaxyer,
435 3430 502 3478 etwa
516 3429 547 3479 10
560 3426 762 3494 geographiscbe
847 3431 871 3481 l.
898 3428 1006 3492 agebat:
1037 3427 1239 3494 ungewdhnlleh
1268 3443 1321 3481 rom

249 3493 343 3546 llleilen
361 3493 459 3547 sddlioh
478 3510 529 3547 ron
547 3494 671 3562 Thelepte
689 3493 761 3559 (oder
811 3493 896 3547 Lande
908 3495 1049 3561 gebrauobt
1063 3496 1114 3546 wie
1126 3501 1200 3547 sonat
1212 3513 1265 3550 ron
1278 3497 1319 3549 den

249 3559 337 3644 Thala,
350 3561 402 3628 vgl.
416 3577 446 3614 ιιι
455 3565 500 3646 176,
515 3565 546 3649 tp.
575 3563 667 3644 Strpbo
681 3569 761 3615 neunt
811 3562 956 3614 Menseben.
975 3561 1046 3644 Doeh
1058 3561 1138 3616 denkt
1151 3562 1252 3617 Sallust
1264 3565 1319 3630 hier,

249 3627 760 3765 tttt⁷tttttt0lttttltoll
811 3629 1321 3764 terteltrtttttttlttttlt

248 3767 351 3819 eiscben
373 3766 530 3834 Ursprnngs,
555 3765 656 3818 woranl
679 3767 759 3819 durch
811 3765 1002 3834 benptsdohliob
1032 3783 1064 3819 an
1091 3767 1132 3819 die
1161 3765 1319 3820 llinwohner.

248 3835 374 3886 Hermes
396 3835 479 3902 Libya
507 3835 674 3900 hingedeutet
703 3836 758 3888 sein
809 3833 911 3888 Ebenao
930 3833 975 3900 Ep.
988 3833 1108 3902 Pomp9
1126 3834 1318 3889 (lolia...ma·

246 3901 329 3969 kann,
353 3903 414 3955 aber
435 3903 476 3955 die
496 3901 678 3969 Berdllrerung
700 3917 759 3956 zum
779 3931 788 3952 ι
811 3903 844 3954 lia
861 3901 996 3964 fructibus
1013 3906 1072 3970 ipsa
1090 3906 1139 3954 via
1156 3907 1254 3969 agitat.

247 3970 349 4037 moisen
356 3967 413 4023 'leil
422 3970 573 4036 nnrnidisob,
583 3971 669 4024 indem
676 3971 757 4040 (lapsa
844 3973 918 4023 ribus
928 3971 984 4022 illie
996 3974 1049 4024 eto:
1067 3972 1115 4024 mit
1126 3972 1210 4024 einem
1223 3971 1317 4025 Seiten-
