2738 4576
245 265 306 330 100
439 314 442 323 s
621 262 943 326 o.snnnusrrcmsr1

207 456 221 507 5
244 463 339 518 carus,
354 443 542 506 Numantinis
560 462 700 506 maxumo
715 444 823 504 terrori
838 453 924 506 esset.
954 443 996 504 Ac
1011 461 1092 519 sane,
1108 445 1188 523 quod
1204 444 1329 507 diffieil-

244 531 359 592 lnmnm
381 530 411 590 in
428 529 530 609 primis
545 538 598 604 est,
614 537 642 589 et
657 529 771 608 proelio
788 537 929 590 strenuus
944 537 1006 590 erat
1021 537 1051 589 et
1064 529 1163 590 bonus
1179 531 1329 592 consilio:

244 633 370 694 quorum
387 614 512 676 alterum
528 633 563 675 ex
579 614 763 694 providentia
782 614 935 688 timorem,
952 614 1076 675 alterum
1092 632 1128 674 ex
1142 615 1271 676 audacia
1287 626 1329 677 tc-

207 711 222 763 6
243 701 409 762 meritatem
424 700 540 761 adferre
554 699 730 779 plerumque
746 699 830 760 solet.
862 699 956 777 lgitur
970 699 1129 779 imperator
1147 699 1251 762 omnis
1268 703 1329 763 sere

242 803 290 847 res
305 805 423 867 asperas
438 802 493 865 per
507 783 679 862 Iugurtham
695 802 791 864 agere,
807 785 837 845 in
852 784 953 846 amicis
967 785 1086 855 habere,
1106 785 1200 865 magis
1215 788 1329 866 magis-

244 890 301 950 que
324 889 393 933 eum
413 870 444 931 in
469 870 531 931 dies
546 869 692 948 amplecti,
710 870 820 949 quippe
835 869 920 930 cuius
933 888 1031 948 neque
1050 870 1208 930 eonsilium
1225 889 1329 952 neque

205 969 220 1018 7
243 955 397 1034 inceptum
417 954 510 1015 ullum
526 955 634 1015 frustra
651 963 722 1016 erat.
752 954 818 1016 Huc
836 953 995 1016 accedebat
1009 953 1217 1016 munificentia
1233 959 1328 1020 animi

244 1048 273 1101 et
293 1040 395 1120 ingeni
416 1039 559 1114 sollertia,
583 1039 650 1118 quis
671 1040 760 1101 rebus
781 1039 836 1101 sibi
854 1040 963 1100 multos
978 1058 1014 1100 ex
1028 1040 1169 1101 Romanis
1186 1041 1329 1105 familiari

210 1125 372 1188 Samioitia
395 1124 598 1188 coniunxerat.
636 1123 676 1186 Ea
702 1132 875 1205 tempestate
901 1124 931 1186 in
957 1125 1087 1185 exercitu
1110 1133 1216 1187 nostro
1243 1131 1328 1190 fuere

244 1210 413 1290 complures
437 1209 504 1270 novi
520 1219 608 1288 atque
623 1209 754 1286 nobiles,
777 1209 885 1288 quibus
908 1209 1023 1271 divitiae
1037 1209 1118 1270 bono
1135 1210 1328 1294 honestoque

243 1294 375 1374 potiores
397 1303 497 1369 erant,
513 1295 626 1356 factiosi
646 1295 743 1370 dorni,
764 1303 902 1375 potentes
918 1295 995 1375 apud
1010 1294 1120 1369 socios,
1143 1295 1220 1357 clari
1235 1301 1329 1378 magis

244 1398 333 1458 qnam
347 1380 482 1455 honesti3
498 1380 548 1458 qui
564 1380 723 1459 Iugurthae
736 1399 797 1441 non
813 1380 992 1441 mediocrem
1008 1379 1139 1440 animum
1154 1382 1329 1460 pollicitan-

244 1465 281 1525 do
305 1464 522 1541 accendebant,
546 1465 570 1526 si
593 1465 714 1545 Micipsa
729 1483 781 1525 rex
797 1465 967 1538 occidisset,
983 1466 1047 1526 lore
1064 1464 1107 1526 uti
1122 1465 1205 1527 solus
1222 1469 1327 1550 imperi

244 1550 396 1611 Numidiae
417 1551 579 1630 potiretur:
595 1551 624 1611 in
644 1551 708 1630 ipso
729 1568 893 1611 maxumam
915 1550 1067 1625 virtutem,
1089 1550 1202 1613 Romae
1229 1557 1327 1616 omnia

210 1645 224 1696 2
245 1635 358 1696 venalia
374 1654 446 1698 csse.
478 1635 535 1697 Sed
552 1643 711 1716 postquam
726 1636 884 1697 Numantia
900 1635 995 1696 deleta
1011 1636 1043 1696 P.
1060 1635 1160 1715 Scipio
1176 1637 1326 1701 dimittere

245 1721 351 1782 auxilia
367 1720 472 1802 etipse
487 1722 595 1782 revorti
615 1722 734 1784 domum
751 1721 895 1796 decrevit,
912 1721 1053 1781 donatum
1069 1729 1157 1798 etque
1172 1723 1325 1787 laudatum

245 1807 401 1884 magnifice
423 1825 479 1886 pro
495 1807 635 1868 contione
651 1806 823 1885 Iugurtham
838 1807 869 1866 in
888 1805 1070 1885 praetorium
1084 1805 1207 1868 abduxit
1223 1809 1324 1890 ibique

243 1900 357 1953 secreto
381 1891 512 1965 monuit,
528 1901 562 1952 ut
582 1893 683 1973 potius
697 1891 817 1971 publice
839 1909 926 1970 quem
942 1890 1079 1970 privatim
1096 1890 1262 1956 amicitiam
1278 1916 1326 1975 po-

244 1976 306 2056 puli
321 1976 447 2038 Romani
463 1976 574 2038 coleret
597 1995 656 2037 neu
672 1977 780 2055 quibus
796 1976 896 2054 largiri
911 1976 1107 2037 insuesceret:
1124 1977 1300 2055 periculose
1314 2000 1326 2041 a

243 2063 345 2142 paucis
362 2062 419 2122 emi
443 2063 521 2139 quod
537 2061 698 2121 multorum
713 2069 804 2122 esset:
821 2061 845 2122 si
860 2079 1035 2140 permanere
1050 2061 1137 2122 uellet
1152 2062 1183 2122 in
1199 2065 1268 2127 suis
1284 2084 1326 2126 ar-

244 2146 333 2221 tibus
348 2146 427 2209 ultro
442 2145 483 2205 illi
499 2153 528 2206 et
543 2145 665 2222 gloriam
681 2154 711 2206 et
725 2163 850 2223 regnum
863 2154 1037 2223 venturum;
1054 2146 1099 2207 sin
1113 2152 1327 2227 properantius

280 2316 303 2364 5.
317 2309 555 2373 difficillumume'n
565 2315 673 2378 premia:
685 2314 760 2364 unter
843 2311 955 2374 factiosi
972 2318 1034 2366 etc:
1058 2313 1104 2366 das
1121 2312 1183 2366 Feld
1206 2313 1256 2367 der
1273 2317 1328 2378 fac-

245 2379 294 2430 den
312 2378 617 2445 schwierigsteullingen
636 2380 759 2432 nocbbe·
811 2385 896 2432 tiones
919 2380 981 2448 (vgl.
996 2381 1202 2448 -bauptsieblieh
1228 2385 1273 2448 31,
1301 2389 1327 2438 11

245 2446 351 2499 socders
371 2447 515 2513 schwierig.
540 2447 610 2500 llritz
628 2450 759 2501 ubersetzt
810 2449 863 2501 und
877 2451 916 2515 15,
928 2449 981 2501 und
993 2465 1024 2502 zu
1037 2453 1077 2512 11,
1090 2451 1116 2512 6)
1135 2465 1189 2501 wer
1201 2453 1327 2506 zunicbst

244 2529 273 2566 es
290 2509 357 2567 ‘eine
375 2515 467 2567 bdcbst
479 2516 630 2584 schwierige
642 2516 759 2584 Anlgebe
810 2517 876 2570 Rom
895 2517 983 2583 selbst,
1002 2517 1057 2569 ihre
1068 2515 1155 2570 blacbt
1172 2518 1236 2570 aber
1250 2521 1327 2573 ubter

246 2586 325 2636 erster
343 2576 442 2636 Grdsse'
469 2583 521 2636 und
543 2585 685 2653 rergleiebt
708 2585 758 2638 (lie.
810 2584 852 2638 die
874 2586 1031 2638 vornehmen
1056 2585 1149 2638 Romer
1174 2589 1327 2656 uorzfiglieh

245 2651 271 2703 in
290 2651 359 2705 Verr.
379 2655 403 2718 3,
422 2655 462 2716 11,
482 2654 513 2706 68
532 2655 635 2706 bomine·
657 2657 688 2705 in
702 2656 760 2720 pri-
811 2655 837 2705 in
859 2653 908 2705 den
933 2653 1075 2706 Provinzen
1098 2669 1157 2720 aus,
1182 2653 1223 2706 die
1252 2656 1326 2710 ihnen

243 2723 294 2772 ruis
322 2723 519 2788 inproeeeimo.
541 2751 574 2762 -
597 2722 646 2774 Der
672 2721 758 2775 Grund
810 2720 1180 2788 dieblillellielernmulsten,
1196 2737 1228 2772 zu
1243 2723 1326 2777 llause

245 2789 289 2841 der
307 2789 505 2857 Scbwierigkeit
525 2789 588 2856 liegt
606 2791 640 2841 im
660 2791 757 2856 folgen·
811 2789 907 2841 wieder
929 2789 1059 2856 glenzvoll
1086 2790 1248 2842 enizutreten
1279 2792 1327 2845 und

245 2857 293 2910 den
313 2873 426 2924 querum
450 2857 564 2908 alterum
574 2895 580 2910 .
591 2895 598 2909 .
608 2899 614 2911 .
624 2859 698 2910 solet.
810 2859 836 2910 in
854 2857 903 2909 den
916 2855 1123 2924 Partoilr'dmplen
1139 2861 1220 2910 etwes
1233 2858 1326 2914 durch-

279 2942 393 2992 querem
405 2925 519 2976 alternam
532 2928 593 2976 etc:
613 2939 703 2992 wesen
715 2925 760 2977 des
811 2928 939 2978 zusetzen.
974 2924 1057 2978 Dureh
1076 2930 1197 2992 potentes
1214 2927 1252 2979 ist
1271 2930 1324 2982 hier

245 2993 378 3045 Gbiasmns
396 3008 427 3045 zu
446 2993 499 3044 Cat.
518 2995 541 3055 3,
561 2995 584 3045 3.
811 2992 928 3058 augleich
958 2993 997 3045 ihr
1028 2993 1206 3046 ermessendes
1240 2995 1327 3064 eipen-

279 3062 408 3112 eedaeia:
432 3059 487 3112 hier
510 3061 545 3111 im
572 3061 650 3127 guter
673 3058 759 3113 Sinne.
811 3060 953 3127 miebtiges
985 3058 1132 3114 Benebmen
1171 3077 1257 3129 pogen
1290 3065 1327 3117 die

246 3128 308 3179 Zum
321 3127 459 3180 Gedanken
477 3128 529 3194 egl.
543 3125 625 3180 Thule.
640 3130 663 3193 2,
677 3131 758 3194 40,3:
811 3126 1042 3195 Bnndesgenossen
1073 3129 1238 3195 bezeichnet,
1276 3149 1328 3184 wo-

246 3190 432 3266 διαφερόντωε
455 3192 489 3261 δὴ
505 3197 550 3246 καὶ
575 3190 638 3247 τόδε
664 3197 683 3246 e'
694 3213 760 3264 ομεν
812 3211 894 3264 gcgen
913 3197 983 3249 diese
1003 3197 1167 3266 ohnmdchtig
1185 3213 1287 3270 waren.

248 3254 319 3315 ὥστε
337 3259 441 3331 τολμᾶν
455 3283 485 3316 τε
502 3261 530 3315 οἱ
546 3257 624 3316 αὐτοὶ
641 3261 678 3332 μά
708 3280 761 3316 στα
845 3265 1015 3318 mediocrem:
1034 3281 1066 3318 zu
1079 3269 1103 3332 6,
1117 3270 1140 3320 3.
1169 3266 1327 3323 DieLitotes

247 3333 291 3383 uel
304 3335 365 3401 περὶ
385 3317 426 3384 ὧν
443 3327 648 3418 ἐπιχειρήσομεν
660 3328 760 3402 ἐκλογί-
812 3349 843 3386 zu
860 3333 994 3386 beachten.

247 3397 359 3463 ζεσθαν
378 3394 395 3451 δ’
412 3402 467 3452 τοῖς
481 3396 571 3452 ἄλλοις
588 3398 699 3466 αμαθία
709 3402 760 3467 μὲν
846 3403 956 3469 imperi:
975 3416 1033 3454 zum
1052 3402 1131 3454 (lusus
1148 3401 1201 3469 egl.
1220 3407 1265 3470 75,
1286 3409 1308 3459 2.

246 3463 363 3538 θράσος,
384 3463 511 3539 leyrepe's
529 3463 559 3519 dd
577 3464 658 3521 ὄκνον
676 3471 760 3538 φέρει.
847 3473 870 3523 2.
884 3470 1005 3536 publice:
1025 3468 1103 3522 durch
1117 3469 1273 3526 Verdienste
1289 3489 1328 3528 nm

280 3537 303 3588 1.
326 3538 399 3601 quie:
432 3537 510 3588 iltere
532 3534 688 3589 Nebeulorm
719 3536 759 3588 ldr
811 3537 935 3592 denrdm.
949 3537 1033 3598 Strat;
1046 3536 1137 3591 demus
1150 3539 1251 3606 ergiebt
1265 3543 1327 3602 sich,

246 3605 352 3669 quidue,
371 3603 445 3657 Detiv
463 3621 488 3658 ιι.
501 3603 613 3669 Abletiv,
632 3621 653 3658 z.
671 3603 699 3657 B.
721 3607 760 3670 13,
810 3622 865 3659 was
879 3608 1011 3673 privatim
1028 3605 1157 3659 bedeutet.

246 3674 270 3723 6.
292 3674 330 3736 11,
353 3676 390 3725 111.
403 3674 444 3736 lb,
465 3676 496 3726 14
513 3687 538 3725 u.
557 3672 627 3724 dim
644 3673 707 3739 lug,
725 3673 758 3724 im
844 3674 1000 3725 multonem:
1023 3674 1133 3727 nimlicb
1158 3675 1203 3728 dee
1227 3691 1329 3743 gesem·

247 3739 301 3792 Cat.
328 3742 367 3804 18,
389 3743 399 3792 1
420 3740 458 3792 als
476 3738 567 3806 Maso,
586 3741 647 3792 aber
664 3743 760 3807 quibes
813 3745 856 3794 ten
874 3740 978 3794 Volkes.

246 3809 324 3858 redere
342 3807 395 3873 lug.
414 3811 438 3874 6,
457 3809 481 3860 2.
499 3811 540 3874 81,
558 3811 582 3860 1.
842 3813 1032 3877 properantius
1045 3816 1183 3877 pergeret:
1203 3811 1250 3864 der
1262 3813 1329 3866 Aus-

281 3875 308 3932 8.
329 3878 350 3928 1,
368 3880 443 3928 novi:
468 3876 536 3930 ohne
554 3879 671 3930 dominer
694 3878 760 3932 anch
810 3876 890 3930 druek
912 3879 980 3932 stelit
1003 3879 1038 3931 im
1056 3878 1198 3945 Gegensatz
1217 3895 1250 3932 zu
1266 3899 1328 3948 per

246 3946 287 4010 13,
306 3948 333 4006 7;
352 3947 393 4010 115,
412 3949 435 3998 5.
810 3961 918 3998 manere
936 3947 1012 3998 vellet
1029 3951 1058 3998 r'c
1074 3949 1130 4000 ruia
1146 3948 1273 4014 (ndmliclr
1287 3953 1328 4002 de·
