2738 4576
322 259 363 314 bn
382 258 483 312 hotto
501 259 652 314 lucunrfl.
688 260 714 312 6.
735 261 843 314 12-14.
1066 259 1124 321 105

39 433 116 496 dine
132 434 258 496 militurn
273 436 396 516 parabat
416 434 505 496 armis
526 433 717 496 contendere.
754 434 812 494 Sed
834 434 886 495 ubi
906 453 954 498 res
975 436 1010 497 ad
1033 445 1127 499 certa·
1148 447 1164 500 4

38 537 114 580 men
132 521 227 596 venit,
249 521 345 582 vietus
360 537 394 582 ex
416 519 531 600 proelio
554 519 686 598 profugit
708 519 739 579 in
760 519 942 599 provinciam
964 538 998 582 ac
1019 522 1125 584 deinde

38 603 172 666 Romam
192 606 355 667 contendit.
392 605 467 666 'lum
489 604 631 683 Iugurtha
651 604 774 683 patratis
799 605 943 681 consihis,
969 615 1162 687 postquami

38 691 146 752 omnis
166 690 320 752 Numidiae
342 690 526 771 potiebatur,
553 690 583 750 in
606 689 666 750 otio
688 690 803 752 lacinus
822 709 908 751 auum
936 709 1003 752 eum
1026 692 1125 755 animo

38 785 191 856 reputans
212 777 317 837 timere
339 775 483 856 populum
503 775 670 836 Romanum
694 793 791 854 neque
813 776 953 838 advorsus
968 776 1040 838 iram
1062 778 1125 839 eius

37 879 173 940 usquam
198 861 255 922 nisi
276 861 307 922 in
324 861 443 922 avaritia
467 857 627 922 nobilitatis
648 868 676 920 et
699 861 825 940 pecunia
840 879 891 922 sua
907 879 989 942 spem
1005 862 1123 924 habere.

36 945 150 1025 ltaque
173 946 275 1026 paucis
287 943 391 1008 diebus
408 964 476 1008 cum
496 963 568 1006 auro
584 955 613 1006 et
627 953 750 1022 argento
767 946 860 1007 multo
874 945 998 1009 Romam
1013 948 1126 1027 legatos
1146 958 1161 1008 6

35 1031 153 1105 mittit,
169 1031 235 1110 quis
251 1031 403 1110 praecipit,
427 1031 554 1111 primurn
570 1031 614 1092 uti
629 1039 745 1092 veteres
759 1030 869 1092 amicos
883 1032 1059 1094 muneribus
1074 1052 1125 1094 ex·

33 1117 163 1196 pleant,
179 1115 285 1177 deinde
307 1135 400 1178 novos
420 1115 593 1198 adquirant,
614 1125 768 1195 postremo
790 1135 995 1196 quaecumque
1009 1118 1125 1198 possint

32 1201 202 1278 largiundo
224 1219 329 1280 parare
351 1220 389 1264 ne
405 1209 594 1264 cunctentur.
624 1200 682 1263 Sed
704 1201 755 1263 ubi
771 1201 894 1264 Romam
911 1203 1000 1280 legati
1014 1221 1123 1266 venere
1145 1217 1159 1266 t

35 1297 72 1348 et
95 1305 131 1347 ex
147 1295 308 1366 praecepto
323 1287 401 1366 regis
417 1287 582 1366 hospitibus
597 1286 736 1365 aliisque,
753 1306 878 1366 quorum
902 1305 936 1348 ea
951 1297 1123 1368 tempestate

35 1373 73 1432 in
91 1379 197 1432 senatu
211 1371 372 1434 auctoritas
386 1372 533 1452 pollebat,
548 1388 654 1450 magna
669 1391 793 1433 munera
811 1373 928 1448 misere,
943 1381 1025 1435 tanta
1040 1392 1123 1437 eom·

34 1457 169 1518 mutatio
184 1456 313 1532 incessit,
329 1466 363 1518 ut
378 1476 413 1518 ex
425 1473 561 1519 maxuma
571 1456 680 1518 invidia
695 1457 724 1518 in
741 1457 865 1535 gratiam
877 1466 907 1520 et
921 1459 1049 1520 lavarem
1065 1479 1121 1521 no-

34 1541 165 1604 bilitatis
186 1541 329 1620 iugurtha
351 1544 480 1604 veniret:
497 1559 623 1621 quorum
645 1560 782 1622 persepe
797 1543 844 1604 alii
860 1544 993 1622 praemio
1008 1544 1122 1606 inducti
1144 1555 1159 1608 8

35 1626 178 1704 singulos
193 1645 229 1687 ex
244 1635 349 1688 senatu
363 1627 525 1688 ambiundo
541 1625 723 1701 nitebantur,
739 1646 778 1689 ne
793 1628 910 1704 gravius
921 1629 952 1689 in
968 1646 1036 1689 eum
1048 1647 1122 1690 con·

35 1711 202 1774 solaretur.
232 1711 326 1790 Igitur
340 1712 392 1774 ubi
403 1713 490 1791 legati
502 1711 571 1774 satis
587 1711 752 1785 confidunt,
767 1712 813 1774 die
828 1713 990 1774 constituto
1003 1723 1123 1777 senatus
1144 1727 1159 1776 9

36 1797 179 1902 utrispue
193 1798 288 1858 datur.
318 1797 394 1858 'lum
406 1796 602 1858 Adherbalem
617 1796 675 1858 hoc
686 1797 775 1858 modo
790 1797 923 1858 locutum
937 1798 1120 1877 accepimus:

139 1882 241 1944 Patres
264 1882 440 1962 conscripti,
463 1881 584 1961 Micipsa
602 1890 687 1964 pater
702 1900 786 1944 meus
800 1882 932 1944 moriens
946 1882 1018 1943 mihi
1033 1902 1120 1964 prae·
1137 1890 1173 1946 14

37 1967 132 2047 cepit,
147 1967 190 2027 uti
204 1967 290 2046 regni
304 1967 457 2029 Numidiae
471 1975 585 2028 tantum
601 1966 690 2028 modo
705 1967 947 2046 procurationem
962 1968 1120 2030 existuma-

36 2070 108 2114 rem
132 2070 236 2128 meam,
252 2060 385 2114 ceterum
400 2053 446 2116 ius
461 2061 489 2114 et
512 2051 669 2132 imperium
685 2053 748 2115 eius
763 2071 856 2131 penes
871 2071 923 2114 vos
937 2071 1018 2129 esse;
1034 2052 1121 2115 simul

36 2137 174 2200 eniterer
194 2138 274 2200 domi
295 2138 474 2218 militiaeque
495 2156 583 2220 quam
604 2156 741 2199 maxumo
762 2138 829 2199 usui
850 2156 914 2200 esse
930 2138 1042 2218 popolo
1059 2139 1120 2200 Ro-

35 2241 147 2299 mano;
169 2242 221 2286 vos
241 2223 314 2284 mihi
334 2231 544 2302 cognatorum,
559 2241 610 2285 vos
631 2223 770 2285 adfinium
793 2223 858 2285 loco
874 2223 1030 2286 ducerem:
1045 2224 1070 2286 si
1086 2243 1120 2286 ea

34 2308 192 2385 iecissem,
215 2308 245 2370 in
268 2316 365 2372 vostra
381 2309 505 2372 amicitia
529 2309 692 2370 exereitum
707 2309 820 2370 divitias
835 2307 1019 2372 munimenta
1034 2310 1119 2391 regni

72 2445 98 2493 4.
124 2445 294 2506 mortaniam
322 2441 347 2496 d.
370 2442 387 2493 i.
415 2441 555 2504 Africam
638 2443 763 2507 panias:
781 2441 946 2494 adverbium.
981 2441 1031 2495 Iler
1055 2441 1119 2496 Sinn

35 2511 87 2562 das
99 2508 241 2575 ehemalige
254 2508 345 2561 Gebiet
356 2523 408 2560 von
417 2507 555 2576 Karthago,
604 2504 648 2559 ‘na
663 2512 776 2574 graotm
794 2513 823 2560 in
841 2525 901 2561 aum
916 2510 996 2573 fieret
1010 2515 1120 2563 sonatna

34 2579 90 2632 seit
108 2576 165 2627 dem
190 2576 285 2627 dritten
303 2575 444 2643 punisehen
462 2576 555 2643 Kriege
606 2570 774 2628 aonmltum'.

32 2643 166 2700 romische
184 2642 307 2704 Provina;
326 2642 379 2709 vgl.
400 2647 438 2706 111,
457 2647 481 2696 1.
640 2644 1119 2709 11.1σηαιωιιίνίεᾳιιεάαικνιοε1111-

73 2717 99 2766 5.
116 2713 285 2777 patiebatur:
302 2711 328 2763 in
346 2710 391 2763 der
408 2714 490 2764 etwas
504 2712 555 2764 sel·
606 2712 638 2765 de
650 2711 728 2763 ihnen
740 2710 786 2764 aul
802 2711 873 2763 ihren
886 2712 984 2778 Antrag
995 2717 1119 2779 gestattet

35 2789 145 2836 teneren
157 2778 311 2846 Bedeutung
326 2773 477 2832 ‘diehlaeht
491 2780 555 2832 tiber
605 2781 640 2832 im
659 2778 738 2832 Senat
761 2795 792 2831 au
817 2777 967 2832 ascheinen
990 2779 1041 2831 und
1064 2781 1119 2834 ihre

34 2855 122 2903 etwas
146 2841 273 2900 haben'.
309 2845 370 2900 Tae.
392 2846 457 2900 dnn.
480 2849 504 2913 2,
521 2851 555 2901 42
608 2847 735 2913 hnliegen
753 2851 931 2913 vorautragen.

34 2917 555 2983 reoeArehelaaspainqnagasimnman·
639 2915 684 2972 14.
703 2919 726 2970 1.
739 2918 963 2982 procurationem
981 2920 1042 2970 ete:
1065 2916 1118 2983 vgl.

34 3001 103 3038 nam
111 2983 279 3062 Cappadocia
283 2983 554 3052 potiebatur.Wegeh
605 2983 952 3047 divasterinensem
969 2987 1118 3035 meminisse
1218 3041 1221 3047 ,

35 3055 85 3106 des
103 3053 201 3120 Imperi.
220 3067 252 3105 au
270 3052 323 3105 cat.
342 3056 366 3118 6,
386 3055 409 3106 3.
604 3067 719 3118 regnam
736 3067 753 3103 a
771 3052 874 3118 populo
887 3051 922 3110 n.
935 3056 1047 3119 partiam
1071 3069 1118 3104 aa·
1179 3103 1182 3111 ,

74 3124 99 3174 6.
116 3123 210 3186 parans
228 3122 332 3172 diadas:
357 3121 468 3174 udmlich
487 3121 553 3174 nach
604 3125 727 3187 atramque
746 3125 773 3171 at
793 3121 1000 3187 rnnlaplioatnm
1022 3123 1119 3173 habere

37 3191 85 3243 der
102 3187 249 3256 Besiegung
265 3189 416 3243 Adherbals.
604 3193 634 3252 (s.
653 3204 677 3242 o.
695 3192 719 3254 i,
737 3190 772 3254 4),
795 3203 847 3240 asu
868 3192 947 3254 regni
964 3194 1116 3242 contentum

73 3259 147 3324 qais:
165 3256 218 3322 agl.
237 3273 269 3308 au
288 3262 313 3377 'tl
330 3262 354 3310 ’1.
411 3325 417 3339 ο
603 3257 839 3310 rotrodomintum
858 3262 886 3308 et
900 3260 944 3308 ius
961 3273 1052 3309 eornm
1070 3262 1119 3324 qni
1199 3285 1202 3302 ι

37 3339 265 3456 ..16116666
279 3325 551 3448 tradititiis
603 3327 800 3460 lhrttdt
812 3353 858 3445 ait
873 3322 1117 3458 11116111.

37 3460 114 3514 llirlle
130 3477 180 3514 von
200 3461 339 3515 Personeo.
356 3490 391 3500 -
403 3463 550 3528 largiundo
620 3461 747 3515 esVaters
757 3460 1028 3514 Gluehwunscheaum
1039 3460 1116 3528 Siege

38 3529 109 3583 steht
124 3529 234 3595 absolut,
253 3529 320 3600 ohne
333 3529 435 3596 Objekt
601 3530 680 3582 Roms
691 3529 755 3582 iiber
764 3527 874 3582 Perseus
886 3545 937 3583 uon
947 3527 1114 3583 Macedonian

73 3603 245 3649 cuneantur:
268 3598 316 3650 mit
333 3597 391 3651 dem
408 3598 481 3652 lnfln.
499 3599 549 3651 uie
601 3598 635 3651 im
654 3598 734 3650 Senat
751 3597 891 3664 darbringt.

39 3667 93 3719 Get.
111 3668 151 3729 44,
170 3669 194 3720 6.
636 3671 764 3719 aeterum:
783 3681 815 3719 au
833 3665 887 3719 Cat
906 3669 947 3730 61,
966 3668 1006 3720 26.

73 3738 97 3788 8.
120 3749 247 3800 qaorum:
271 3733 317 3785 aul
338 3734 488 3786 nobilitatis
506 3750 550 3787 au·
634 3738 801 3786 munimenta
822 3737 915 3800 regni:
939 3734 1011 3786 nicht
1028 3733 1115 3800 Appo-

38 3801 223 3866 rtlekweisend,
242 3802 292 3854 wie
306 3805 346 3867 14,
359 3805 374 3855 6
388 3801 433 3854 aui
441 3801 550 3864 familia
602 3802 680 3856 sitioo
698 3817 756 3856 auur
768 3802 883 3870 uorigen,
902 3801 1012 3855 sondern
1024 3801 1115 3853 onius

38 3875 146 3934 nostra;
164 3870 217 3937 vgl.
236 3870 289 3922 Gai.
304 3872 344 3936 16,
363 3872 378 3922 l
398 3869 462 3936 iltis,
481 3873 548 3934 11,“1
602 3869 710 3936 Ohjeht,
734 3870 786 3923 und
804 3869 879 3924 awar'
893 3868 1044 3923 erweiternd
1061 3867 1113 3920 und

37 3940 106 3992 iilos.
545 3993 548 4000 ,
602 3938 854 4006 verallgemeinernd.
