2776 4574
249 269 291 330 54
627 270 653 324 G.
672 267 827 324 SALLUS'l'l
845 267 947 322 CRISPl

192 471 198 496 ι
249 446 320 508 satis
333 445 473 508 honestas
485 463 540 525 pro
553 463 620 506 meo
633 462 703 506 casu
717 461 785 524 spes
796 444 927 523 reliquae
938 443 1087 524 dignitatis
1103 445 1328 505 conservandae

212 540 228 590 5
249 549 316 593 sum
329 540 457 593 secutus.
488 530 576 592 Plura
587 548 656 591 eum
667 529 797 591 scribere
808 529 923 604 vellem,
939 529 1107 592 nuntiatum
1119 536 1163 590 cst
1176 527 1239 589 vim
1255 529 1330 590 mihi

209 623 229 674 t
249 617 356 696 parari.
386 616 472 679 Nunc
488 615 655 677 Orestillam
670 615 846 676 commendo
860 622 988 694 tuaeque
1003 614 1070 675 fidei
1088 613 1188 690 trado;
1205 631 1277 675 earn
1294 614 1330 676 ab

250 701 357 763 iniuria
372 701 519 776 defendas,
535 720 590 780 per
602 700 713 761 liberos
727 707 795 761 tuos
809 708 939 778 rogatus.
969 692 1099 760 Havete?

197 789 235 848 86
337 787 395 849 Sed
416 788 479 866 ipse
506 804 616 866 paucos
638 785 701 847 dics
722 794 921 846 commoratus
942 784 1020 864 apud
1041 783 1072 845 C.
1093 782 1275 844 Flaminium
1299 784 1329 845 iu

249 891 320 954 agro
336 873 489 946 Arretino,
506 871 576 932 dum
589 870 771 932 vicinitatem
786 878 871 931 antea
885 869 1070 931 sollicitatam
1084 868 1173 930 armis
1188 880 1329 942 exornat,

249 976 318 1019 eum
332 957 460 1018 fascibus
475 963 562 1036 atque
578 956 641 1018 aliis
655 955 760 1035 imperi
774 954 941 1033 insignibus
962 955 993 1015 in
1015 962 1110 1016 castra
1128 954 1164 1014 ad
1178 954 1329 1016 Manlium

210 1049 226 1100 2
247 1042 410 1104 contendit.
440 1041 519 1103 llaec
534 1040 585 1102 ubi
601 1041 712 1103 Romae
727 1047 879 1120 comperta
894 1048 972 1114 sunt,
989 1048 1109 1102 senatus
1124 1038 1283 1101 Catilinam
1301 1053 1329 1102 et

249 1127 391 1188 Manlium
411 1126 506 1188 bostis
528 1126 651 1201 iudicat,
674 1134 789 1187 ceterae
812 1124 994 1186 multitudini
1015 1124 1093 1185 diem
1115 1125 1231 1199 statuit,
1256 1136 1328 1186 ante

249 1231 338 1291 quam
353 1212 417 1273 siue
432 1211 535 1273 fraude
549 1212 651 1273 liceret
665 1210 702 1272 ab
718 1210 806 1272 armis
818 1210 980 1284 discedere,
996 1218 1114 1288 praeter
1124 1226 1225 1270 rerum
1242 1212 1328 1291 capi-

211 1306 226 1356 3
247 1298 350 1359 talium
365 1297 577 1358 condemnatis.
614 1297 771 1358 Praeterea
791 1295 939 1369 decernit,
961 1295 1005 1356 uti
1026 1295 1164 1356 consules
1181 1294 1327 1356 dilectum

248 1382 385 1457 babeant,
401 1382 548 1444 Antonius
563 1401 632 1443 cum
646 1382 777 1443 exercitu
793 1380 945 1442 Catilinam
960 1379 1100 1460 persequi
1114 1388 1260 1455 maturet,
1278 1381 1327 1443 Ci-

250 1486 318 1529 cero
334 1466 401 1528 urbi
416 1467 560 1547 praesidio
576 1467 622 1529 sit.

211 1561 227 1612 t
333 1552 375 1613 lla
396 1560 570 1632 tempestate
585 1552 657 1614 mihi
679 1551 835 1631 imperium
869 1549 971 1630 populi
993 1549 1119 1611 Romani
1144 1549 1237 1611 multo
1262 1570 1326 1611 ma-

248 1656 336 1699 xume
351 1637 517 1700 miserabile
532 1638 627 1700 visum
642 1645 695 1698 est.
731 1636 785 1698 Cui
807 1635 925 1696 eumad
948 1653 1085 1697 oceasum
1107 1634 1143 1695 ab
1165 1643 1233 1696 ortu
1253 1636 1326 1698 solis

249 1723 347 1784 omnia
369 1723 478 1786 domita
494 1722 583 1786 armis
601 1729 754 1802 parerent,
779 1720 858 1782 domi
881 1720 974 1781 otium
996 1728 1084 1798 atque
1100 1719 1229 1795 divitiae,
1246 1739 1326 1800 quae

248 1809 343 1889 prima
358 1809 497 1871 mortales
512 1817 633 1888 putaut,
649 1808 828 1880 adimerent,
850 1806 933 1866 luere
948 1813 1045 1867 tamen
1062 1805 1148 1880 cives,
1165 1805 1216 1885 qui
1230 1825 1326 1886 seque

211 1899 225 1950 ⁵
248 1912 371 1974 remque
383 1894 532 1974 publicam
543 1894 698 1956 obstinatis
709 1891 815 1953 animis
827 1890 976 1970 perditum
988 1890 1076 1952 irent.
1102 1890 1236 1968 Namque
1247 1891 1326 1953 duo-

251 1979 306 2042 bus
321 1980 415 2041 seuati
430 1980 556 2042 decretis
572 1999 608 2040 ex
622 1987 703 2039 tanta
718 1975 906 2038 multitudine
921 1994 1018 2055 neque
1034 1973 1166 2056 praemio
1182 1975 1325 2039 inductus

283 2129 360 2166 coru:
380 2127 425 2165 aus
444 2113 460 2176 ξ
480 2115 494 2165 3
512 2105 759 2176 smelu...prioa-
810 2112 880 2160 enim
897 2109 970 2174 apud
985 2111 1101 2160 maiores
1117 2113 1222 2160 nostroe
1241 2112 1265 2159 is
1287 2112 1326 2162 di·

248 2187 291 2232 tua
308 2179 492 2240 veratiudlicb3
511 2178 563 2244 vgl.
581 2177 634 2243 lug.
653 2179 694 2242 62,
707 2179 758 2231 au.
810 2179 921 2228 cedatur
947 2191 1024 2241 quem
1050 2191 1122 2228 nane
1149 2180 1328 2241 peregrinam

249 2253 320 2313 ta,1
342 2247 399 2310 (mit
416 2246 503 2311 Bezug
521 2245 566 2297 aul
581 2248 622 2310 tl,
642 2246 675 2309 t).
809 2246 924 2296 dicimus
949 2247 988 2309 (so
1015 2245 1042 2296 iu
1068 2244 1118 2296 den
1142 2245 1185 2296 llll
1208 2243 1327 2311 Tatetnt:

283 2319 306 2368 5.
322 2315 403 2382 plura
421 2319 482 2365 eto:
500 2312 542 2365 die
555 2311 643 2366 Worte
661 2313 759 2380 zeigen,
811 2328 972 2380 quaeroquaero
984 2313 1118 2365 idnomen
1130 2313 1329 2378 duriuaeffeoa‘t

249 2382 305 2436 dals
318 2381 390 2434 Catil.
403 2382 490 2434 diesen
500 2380 570 2433 Briel
581 2381 648 2432 noch
659 2381 685 2432 iu
695 2380 760 2434 Rom
810 2383 865 2432 iam
888 2384 1020 2444 vetustam
1046 2397 1062 2431 a
1083 2384 1229 2447 peregrino
1256 2387 1327 2434 marin

250 2449 417 2518 geschriebeu
436 2451 513 2502 batte.
809 2452 920 2500 rarescit
930 2453 956 2498 at
963 2453 1076 2516 proprie
1088 2452 1117 2499 in
1130 2465 1168 2511 ao,
1187 2452 1236 2514 qai
1247 2466 1327 2502 orma

282 2523 306 2573 e.
319 2519 483 2570 cammada:
503 2517 547 2570 der
559 2517 625 2569 daau
637 2516 758 2583 geborige
810 2521 905 2568 eontra
922 2516 1014 2580 ferret,
1032 2520 1171 2570 retransit.
1200 2516 1327 2572 Gleiebeu

248 2587 324 2639 Dativ
348 2587 382 2638 ist
406 2601 452 2639 aus
475 2586 534 2638 dem
556 2585 703 2652 Folqeudeu
726 2601 759 2636 zu
811 2584 937 2638 Stammes
955 2586 1001 2637 mit
1025 2587 1131 2637 boc-tie
1152 2585 1186 2637 ist
1208 2587 1328 2653 boe-pas

248 2654 501 2778 {lllliilaol‘l
525 2654 578 2722 ¹¹¹⁸·
603 2657 644 2719 ⁶³’
669 2657 684 2706 ³
707 2652 759 2706 '²¹¹⁶
809 2653 1138 2774 bullulllillilll't
1157 2653 1327 2776 allidit

280 2791 330 2848 66.
351 2796 372 2846 l.
390 2794 531 2844 Arretino:
554 2807 606 2844 von
624 2791 759 2852 Arretium,
843 2793 901 2841 eina
916 2788 1026 2851 fraude:
1046 2789 1126 2842 sehon
1139 2736 1170 2840 in
1182 2781 1231 2841 den
1246 2791 1329 2844 zwdll

244 2862 311 2926 jetzt
338 2861 442 2926 brenno,
469 2861 495 2910 in
524 2858 717 2923 Nordetrurien‚
744 2861 759 2911 8
811 2856 902 2910 Taleln
924 2857 1123 2910 rorlrommeude
1144 2855 1241 2923 public.
1265 2857 1327 2912 For-

247 2929 340 2983 Meilcn
370 2926 513 2981 sttddstliab
543 2942 593 2978 ron
622 2925 758 2978 Florentia.
810 2925 873 2990 mel,
891 2925 944 2991 vgl.
963 2926 1013 2978 Cic.
1032 2924 1097 2979 Pbil.
1116 2927 1140 2992 S,
1159 2927 1205 2978 33:
1229 2942 1328 2978 aarum

247 2997 296 3050 llcr
314 2997 419 3048 uicbste
435 2993 500 3059 Weg
518 2992 595 3046 dahiu
613 2992 698 3045 libate
716 2994 762 3045 aui
810 2997 857 3059 qai
875 3007 934 3044 com
951 2993 987 3045 M.
1006 2994 1125 3046 Antonio
1143 2997 1207 3044 sont
1223 2997 1274 3058 qua·
1292 2998 1327 3046 ab

247 3064 293 3116 der
305 3067 349 3114 oia
363 3064 463 3115 Cassia.
487 3061 559 3113 Catil.
573 3075 626 3112 war
644 3060 705 3114 aber
716 3061 762 3112 aul
810 3063 894 3112 armis
911 3062 1078 3113 discesserint
1089 3066 1159 3112 et-
1171 3061 1208 3113 ad
1220 3059 1247 3113 θ.
1263 3063 1328 3114 Cae·

249 3132 293 3184 der
305 3145 345 3182 am
357 3129 427 3182 llleer
442 3129 547 3196 entlaug
559 3128 696 3181 lautendeu
713 3131 759 3180 oia
808 3145 895 3180 aaron
904 3145 955 3196 pro
966 3134 1095 3196 praetore
1107 3134 1170 3181 anto
1178 3129 1241 3180 ldae
1252 3131 1328 3182 Mar-

247 3200 360 3251 Aareta'a
372 3197 500 3264 abgereist
516 3197 567 3249 und
584 3197 656 3249 batte
673 3199 699 3248 in
711 3197 759 3248 l'o·
810 3198 863 3248 tiae
880 3200 986 3263 primm
1009 3198 1140 3262 adierint,
1167 3201 1205 3248 eis
1226 3195 1329 3258 fraudi

247 3282 304 3319 rum
321 3265 417 3319 Aurelii
441 3267 519 3331 (elwa
546 3269 575 3319 tt
592 3264 685 3318 bleilen
708 3281 759 3316 rou
809 3281 842 3315 ne
859 3269 902 3328 cit,
921 3266 993 3331 quod
1008 3281 1068 3317 cam
1080 3267 1246 3318 M.Antonio
1265 3266 1330 3328 fue-

248 3335 322 3398 Rom)
345 3334 415 3388 selue
433 3332 692 3400 vorausgescbicltten
711 3330 759 3384 Ge·
809 3335 875 3385 rint.

247 3417 340 3457 nosseu
363 3401 532 3469 engelrodem
558 3401 610 3468 vgl.
634 3401 686 3453 Gic.
704 3402 758 3454 Cat.
840 3400 1329 3469 praeter:adverbial‚dasPtcp.con-

251 3475 272 3537 l,
291 3473 331 3524 24.
351 3473 374 3536 2,
393 3473 416 3524 6.
810 3470 941 3520 deunitatis
958 3468 1159 3536 substautiviert.

283 3541 306 3591 2.
325 3540 419 3590 boetia:
443 3536 467 3592 d.
485 3536 510 3589 h.
528 3537 568 3589 liar
589 3537 689 3602 sobbe,
712 3537 759 3589 mit
843 3541 866 3590 4.
880 3539 917 3588 ad
929 3537 1050 3588 occasum
1062 3540 1095 3588 ab
1108 3542 1184 3590 orta:
1198 3539 1329 3602 gesucbte

248 3606 365 3659 walchen
383 3621 441 3658 man
454 3621 505 3658 rou
518 3604 697 3672 Staatswegen
714 3605 761 3656 aul
809 3604 971 3672 Umstellung
988 3604 1033 3658 der
1050 3604 1246 3672 gaudbulieheu
1267 3605 1330 3661 Rei-

248 3674 390 3741 liriegstuls
407 3674 483 3726 steht.
513 3672 571 3740 Vgl.
585 3673 648 3726 daau
662 3673 712 3726 Cic.
726 3673 757 3725 dc
810 3673 939 3740 beniolge.

249 3741 292 3795 ott.
308 3747 329 3808 l,
343 3745 387 3795 tt:
405 3741 599 3807 animaduerto,
617 3742 695 3807 quod,
712 3745 759 3808 qui
844 3745 867 3795 5.
892 3743 994 3794 duodus
1013 3758 1068 3795 aaa.
1092 3742 1217 3809 demedi:
1240 3741 1328 3796 absol.

245 3813 358 3878 proprio
367 3812 474 3862 aomina
480 3826 541 3876 per
551 3810 758 3872 declinasset,
810 3808 895 3862 Ablat.
914 3826 946 3862 an
965 3808 1045 3862 Stella
1066 3810 1136 3862 eines
1155 3811 1328 3864 concessiven

248 3881 552 3943 abortiaooearctur,
566 3878 760 3930 battateucrdi
811 3876 908 3930 Satzes.
927 3907 960 3918 -
978 3877 1027 3930 Das
1050 3882 1117 3930 erste
1139 3880 1225 3930 senati
1249 3877 1328 3933 deor.

247 3951 289 4000 rai
314 3949 452 4000 tristitiam
478 3949 649 4011 instigatum,-
676 3949 760 3998 bostis
810 3961 830 3999 s.
850 3948 890 4012 ab,
908 3949 932 4000 6.
