2766 4568
343 264 385 317 DE
403 263 505 318 BELLO
522 263 675 320 lllllUll'l'll.
711 266 737 320 G.
756 267 882 320 ut—luo.
1087 265 1149 328 205

58 438 99 499 in
118 435 228 498 collem
239 435 386 498 subducit.
416 437 459 498 lta
471 454 557 515 reges
569 435 627 498 loci
639 435 809 498 difficultate
821 438 914 499 coacti
926 437 1040 516 proelio
1052 438 1184 502 detor-o

61 530 196 596 rentur3
213 539 310 600 neque
321 529 421 582 mmeu
433 540 504 584 suos
514 521 632 601 longius
645 520 728 582 abire
747 520 859 596 sinunt,
874 523 926 584 sed
938 533 1065 603 utroque
1077 526 1152 588 colle

61 606 265 670 multitudine
287 605 467 668 circumdato
489 605 574 668 eliusi
597 605 768 668 consedere.
798 606 872 668 Dein
895 607 1009 670 crebris
1031 608 1184 690 ignibuse

62 693 161 755 sactis
176 692 353 772 plerumque
369 688 466 753 inoctis
480 690 598 753 barbari
613 709 696 752 more
707 710 762 754 suo
774 691 886 766 laetari,
902 693 1059 768 exsultare,
1074 705 1151 758 stre-

64 795 147 858 pere
161 777 300 852 vocibus3
316 785 346 838 et
360 777 416 856 ipsi
431 776 522 839 duces
533 777 658 852 feroces,
674 777 816 856 quianon
829 777 976 857 legerant,
993 796 1047 858 pro
1059 781 1151 843 victo·

65 863 160 926 ribus
174 879 271 942 agere.
302 861 360 923 Sed
381 879 415 923 ea
438 871 545 924 cuncta
559 861 701 922 Romanis
723 880 759 922 ei
779 861 911 924 tenebris
933 871 962 924 ct
980 863 1152 928 editioribus
1170 875 1183 924 t

65 949 149 1011 locis
172 947 266 1009 facilia
280 947 346 1008 visu
370 964 539 1026 magnoque
560 945 746 1008 hortamento
768 956 863 1010 erant.
893 947 1067 1010 Plurumum
1081 969 1151 1011 vero
1169 951 1206 1008 99
1228 946 1263 964 ““

66 1033 186 1096 Marius
200 1031 338 1112 inperitia
354 1032 483 1094 bostium
498 1032 691 1094 confirmatus
706 1050 797 1112 quam
809 1050 980 1094 maxumum
1002 1034 1152 1097 silentium

66 1119 177 1181 baberi
191 1117 289 1190 iubet,
305 1137 344 1180 ne
359 1117 443 1197 signa
458 1117 593 1197 quidem,
612 1117 656 1179 uti
671 1135 726 1197 per
739 1116 851 1196 vigilias
866 1117 1018 1192 solebant,
1033 1137 1151 1182 canere.

66 1204 202 1279 Deinde,
218 1203 270 1265 ubi
285 1203 333 1264 lux
357 1202 546 1278 adventabat,
563 1202 685 1266 defessis
699 1203 758 1264 iam
779 1203 916 1264 hostibus
931 1222 965 1265 ac
979 1205 1068 1284 paulo
1084 1214 1152 1268 aute

66 1308 180 1352 somno
202 1288 296 1369 captis
317 1289 353 1350 de
383 1289 534 1367 inproviso
556 1288 671 1368 vigiles,
697 1287 767 1349 item
795 1287 962 1350 cohortium
987 1298 1152 1352 turmarum

71 1374 229 1455 legionum
248 1373 397 1436 tubicines
415 1374 503 1436 simul
520 1390 626 1435 omnes
638 1373 724 1454 signa
736 1391 854 1448 canere,
870 1373 978 1436 milites
993 1375 1153 1438 clamorem

67 1460 178 1522 tollere
190 1469 278 1538 atque
290 1459 386 1539 portis
397 1476 555 1538 erumpere
567 1453 683 1542 [iubet].
706 1458 800 1520 Mauri
811 1465 901 1538 alque
913 1457 1037 1534 Gaetuli,
1048 1461 1152 1541 ignoto
1171 1469 1186 1520 t

70 1556 105 1608 et
116 1544 251 1606 born'bili
263 1544 363 1606 sonitu
376 1552 500 1623 repente
510 1543 606 1618 exciti,
620 1561 719 1622 neque
730 1543 833 1624 lugere
845 1561 943 1622 neque
955 1562 1034 1606 arma
1046 1561 1154 1625 capere

71 1647 175 1710 neque
188 1630 311 1691 omnino
323 1630 420 1690 lacere
437 1636 488 1690 aut
499 1627 655 1707 providere
673 1628 832 1707 quicquam
851 1637 1003 1707 poterant:
1019 1629 1060 1690 ita
1078 1648 1154 1694 cun·
1169 1639 1183 1689 3

71 1725 142 1778 ctos
157 1715 282 1795 strepitu
298 1715 442 1788 clamore,
459 1713 541 1776 nullo
557 1712 752 1775 subveniente
768 1713 877 1776 nostris
893 1713 1083 1789 instantibus,
1106 1725 1154 1777 tu-

70 1801 172 1862 multu
186 1799 345 1861 lormidine
360 1806 457 1860 terror
473 1798 556 1876 quasi
571 1797 707 1859 vecordia
726 1806 853 1877 ceperat.
899 1799 1035 1878 lienique
1049 1817 1154 1864 omnes

69 1886 132 1950 lusi
147 1885 316 1966 fugatique;
330 1901 413 1946 arma
428 1891 459 1944 et
474 1883 560 1963 signa
575 1882 711 1944 militaria
722 1882 863 1962 pleraque
881 1891 976 1962 capta,
991 1884 1152 1964 pluresque

71 1991 110 2034 eo
123 1970 239 2051 proelio
254 1987 343 2049 mam
358 1968 497 2030 omnibus
517 1967 721 2049 superioribus
744 1968 924 2048 interempti.
954 1969 1028 2030 Nam
1043 1988 1149 2034 somno

71 2065 104 2119 et
118 2065 199 2117 metu
215 2055 334 2117 insolito
350 2052 488 2134 impedita
503 2055 581 2134 luga.

159 2139 234 2203 Dein
250 2139 376 2214 Marius,
399 2139 441 2200 uti
457 2145 609 2218 coeperat,
634 2137 665 2198 in
681 2137 821 2213 biberna3
843 2157 912 2200 nom
927 2146 1051 2220 propter
1067 2159 1151 2202 com·
1168 2143 1222 2202 1⁰⁰

70 2235 204 2288 meatum
228 2225 261 2288 in
283 2224 399 2305 oppidis
421 2223 585 2286 maritumis
607 2241 696 2303 agere
717 2224 903 2299 decreverat3
930 2243 1028 2304 neque
1050 2232 1150 2287 tamen

70 2311 197 2374 victoria
211 2329 314 2372 socors
326 2319 376 2370 aut
386 2310 520 2371 insolens
531 2310 635 2383 lactus,
651 2309 703 2370 sed
718 2308 829 2388 pariter
840 2317 929 2389 atque
943 2310 974 2371 in
987 2319 1151 2390 conspectu

72 2396 204 2460 hostium
229 2395 371 2475 quadrato
392 2394 510 2476 agmine
535 2394 690 2455 incederet
717 2393 798 2454 Sulla
824 2413 891 2455 eum
917 2395 1050 2474 equitatu
1074 2398 1186 2476 apudt

71 2527 160 2581 geogr.
183 2509 217 2564 ll.
239 2511 350 2577 zurnclr,
376 2510 491 2576 dagegen
518 2510 587 2562 beim
638 2508 727 2560 wacho
744 2524 790 2560 zur
808 2503 920 2573 anderu,
939 2509 963 2564 d.
977 2511 993 2563 i.
1011 2505 1063 2564 ‘bei
1078 2512 1154 2576 jeder

73 2580 205 2649 gewbbnl.
224 2578 333 2644 Schrill,
355 2577 472 2630 militari
486 2579 587 2642 pedu,
637 2571 788 2642 Ablesuogl.

73 2665 123 2702 nur
141 2651 172 2701 20
196 2651 259 2702 rom.
277 2645 311 2699 ll.
329 2646 354 2701 d
373 2646 389 2698 i.
408 2649 423 2699 l
447 2660 534 2712 geogr.
552 2644 587 2700 bl.
672 2644 823 2695 cohortium
847 2648 1010 2695 turmarum:
1038 2644 1153 2697 Bundes·

72 2717 101 2770 in
119 2715 255 2768 darselben
272 2715 336 2768 Zeit.
638 2714 886 2779 genossentruppen
903 2709 1153 2765 Fulsrollswiellei·

108 2787 137 2836 io
155 2783 260 2837 collam:
282 2782 394 2835 nimlicb
412 2782 458 2834 aul
477 2781 526 2834 den
544 2797 588 2834 an·
639 2779 710 2832 terei.

71 2853 150 2916 dern,
178 2867 230 2905 ron
262 2851 332 2904 Sulla
360 2850 432 2902 nicht
455 2851 587 2902 besetaten
673 2849 697 2900 3.
715 2850 988 2926 terror...ceperat:
1007 2847 1059 2913 νεὶ.
1073 2849 1114 2910 72,
1127 2850 1151 2929 ²:

69 2921 220 3055 Hdpelffla
243 3004 299 3040 noo
320 2986 465 3052 superam:
489 2985 589 3037 entbilt
638 2915 752 3050 Ridddde
780 2915 822 3066 die
848 2913 1047 3065 dnumhseffihm
1071 2915 1153 2968 zw-

74 3059 127 3112 den
143 3056 229 3110 Grund
247 3073 279 3110 zu
299 3055 357 3108 dem
379 3056 511 3120 gesamten
528 3051 588 3105 Pn-
672 3050 735 3107 tou.
755 3054 777 3104 l.
794 3067 824 3102 m
842 3052 965 3102 labente:
983 3049 1029 3103 das
1042 3049 1154 3104 Verbum

73 3124 262 3186 diluebfarocas
276 3139 329 3190 pro
341 3125 498 3187 ciocagm,
516 3121 587 3174 nieht
639 3120 684 3172 der
695 3119 845 3186 Beweguug
858 3120 893 3172 ist
909 3118 1083 3185 ausgelassen,
1103 3122 1153 3173 wie

73 3211 107 3248 zu
124 3192 227 3256 feroces
244 3191 330 3244 allelu.
639 3187 710 3240 nicht
739 3187 836 3253 seiten,
866 3201 943 3240 weun
966 3185 1085 3240 dasselbe
1107 3203 1153 3241 aus

109 3260 190 3317 99.1.
203 3264 300 3326 rigna.
313 3299 319 3312 .
333 3273 458 3313 annm:
472 3258 587 3310 hierius
639 3255 685 3309 der
700 3255 808 3322 Angabe
826 3256 897 3309 eines
915 3253 982 3308 zius
1004 3255 1065 3308 oder
1082 3255 1153 3311 eines

72 3326 586 3395 Gat.se,1;gleiohnachberanuers,
641 3322 875 3392 dusgangspunlts
907 3322 962 3375 sich
993 3339 1045 3376 von
1072 3325 1154 3380 selbot

73 3400 126 3452 wie
149 3398 175 3450 in
192 3397 237 3449 der
254 3395 319 3449 eben
341 3393 398 3448 dort
421 3394 589 3462 angelubrten
640 3391 763 3445 rerstebt.
793 3390 1076 3458 Sertorianum:
1095 3397 1155 3446 tan·

72 3465 298 3522 StelledesGisar.
322 3461 590 3516 llerlnlluitivcaoore
640 3462 699 3513 dm
718 3459 818 3514 Cumar-
834 3463 864 3511 ἐπ
883 3460 1063 3526 Campaniam.

72 3539 110 3590 ist
126 3533 193 3588 noch
210 3547 263 3585 von
280 3534 354 3584 iubat
370 3530 511 3598 abbangig;
536 3531 588 3598 vgl.
674 3543 768 3594 agere:
797 3529 833 3582 im
857 3527 936 3580 Sinne
962 3542 1014 3582 von
1039 3533 1153 3595 agitare,

72 3605 285 3739 misicorum:
298 3665 588 3731 dasEndeeioerjeden
641 3596 1037 3745 vgpuppippwuhppmsppgrhem
1059 3663 1153 3716 zweur

75 3741 122 3794 der
138 3739 193 3790 vier
205 3736 397 3789 Nacblwacben
411 3733 498 3788 nurde
510 3733 589 3787 durch
641 3733 706 3786 nach
734 3733 804 3786 mobt
833 3731 999 3784 verschieden
1022 3746 1072 3784 von
1094 3731 1151 3784 dem

75 3809 118 3861 ein
137 3806 163 3859 si
192 3805 224 3925 dil
241 3803 413 3924 '‘ffipbum
430 3802 589 3922 palzeitecbnet,
640 3803 683 3920 ssfi’
696 3803 720 3920 bh
730 3803 876 3921 papnunten
893 3799 1048 3918 und-pleicb
1065 3798 1156 3852 damus

74 3890 163 3929 worau
219 3889 234 3926 e
320 3884 385 3936 sung
403 3885 484 3935 erog
517 3887 590 3936 ;per·
660 3883 703 3920 esc
721 3883 758 3921 ne
776 3883 841 3922 enen
880 3883 955 3919 mum
970 3882 1016 3918 um
1050 3881 1154 3932 agam

73 3940 335 4010 uffllimbeilslabo
347 3932 590 3992 ‘voneinerNacbt-
640 3934 686 3988 Die
704 3934 867 4004 llauptsacbe
885 3951 946 4000 war,
965 3933 1020 3986 dale
1037 3934 1087 3988 alle
1100 3935 1154 3988 rier
