2738 4576
228 250 268 316 80
603 250 629 303 (i.
647 245 802 302 slttusrt
820 245 923 299 GRlSPI

176 439 205 492 28
226 429 369 510 ceperint,
385 427 414 488 in
431 424 578 488 miseriam
594 429 748 485 convortat
787 419 906 482 Scilicet
920 437 968 482 res
982 419 1046 499 ipsa
1061 436 1164 499 aspera
1180 425 1236 492 est,
1252 419 1312 480 sed

228 533 280 577 vos
302 532 363 575 uon
379 511 487 574 timetis
502 528 574 570 eam.
603 508 697 568 Immo
720 524 790 566 vero
806 523 957 566 maxume:
973 504 1025 566 sed
1040 504 1146 566 inertia
1161 513 1191 565 et
1205 505 1313 566 molli-

231 600 269 661 tia
292 598 380 660 animi
401 597 475 658 alius
496 595 585 656 alium
610 599 813 673 exspectantes
834 589 1031 652 cunctamini:
1047 588 1182 652 videlicet
1196 589 1244 650 dis
1261 591 1313 650 in-

231 683 403 746 mortalibus
418 681 532 755 coufisi,
545 679 595 758 qui
611 679 689 739 hanc
702 695 765 740 rem
780 675 929 756 publicam
945 693 1032 754 saepe
1045 675 1074 736 in
1091 674 1239 736 maxumis
1254 695 1314 755 pe·

48 825 70 836 -
182 780 211 832 29
231 769 332 832 riculis
347 784 507 830 servavere.
537 765 603 826 Non
619 763 694 824 votis
711 780 807 840 neque
822 759 974 841 suppliciis
988 759 1185 822 muliebribus
1197 761 1315 822 auxilia

232 856 355 917 deorum
379 859 537 933 parantur:
557 847 704 927 vigilando
726 847 844 926 agundo
866 845 945 908 bene
960 846 1147 907 consulundo
1160 864 1315 927 prospere

233 940 331 1002 omnia
352 939 476 1012 cedunt;
492 934 544 997 ubi
559 933 711 995 socordiae
726 940 755 993 te
770 939 857 1010 atque
873 930 1004 1009 ignaviae
1018 930 1182 1006 tradideris,
1198 933 1316 1010 nequi-

180 1036 210 1086 tu
231 1043 320 1104 quam
341 1023 413 1084 deos
427 1019 574 1101 implores:
590 1018 656 1079 irati
668 1017 828 1096 inlostique
840 1024 918 1076 sunt.
949 1016 1035 1096 Apud
1047 1016 1174 1077 maiores
1186 1024 1317 1079 nostros

232 1113 265 1172 d.
288 1108 413 1170 Manlius
429 1107 596 1184 Torquatus
609 1103 687 1165 bello
704 1101 814 1164 Gallico
835 1100 927 1162 filium
948 1117 1051 1176 suum,
1067 1102 1147 1180 quod
1163 1099 1187 1162 is
1202 1111 1317 1163 contra

183 1203 212 1255 at
234 1193 391 1273 imperium
406 1192 436 1254 iu
452 1190 567 1252 bostem
579 1197 770 1269 pugnaverat,
783 1185 883 1248 necari
898 1185 992 1259 iussit,
1008 1194 1095 1266 atque
1110 1186 1158 1247 ille
1170 1189 1318 1267 egregius

234 1279 407 1342 adulescens
429 1275 630 1338 inmoderatae
650 1271 832 1335 fortitudinis
853 1279 949 1332 morte
966 1290 1079 1351 poenas
1093 1270 1188 1333 dedit:
1203 1291 1261 1334 vos
1277 1275 1316 1334 de

234 1362 454 1426 crudelissumis
468 1360 622 1441 parricidia
643 1358 714 1439 quid
735 1356 867 1418 statuatis
882 1354 1086 1418 cunctamini?
1100 1356 1247 1419 Videlicet
1263 1377 1317 1419 ce·

184 1459 213 1510 32
234 1460 297 1511 tera
312 1449 369 1510 vita
384 1466 487 1509 corum
503 1445 573 1507 huic
588 1443 694 1506 sceleri
709 1441 815 1504 obstat.
839 1441 949 1503 Verum
959 1441 1071 1521 parcite
1083 1441 1216 1521 dignitati
1230 1442 1317 1504 Len-

234 1535 305 1606 tuli,
326 1534 351 1596 si
365 1533 429 1614 ipso
450 1530 625 1613 pudicitiae,
640 1529 664 1590 si
680 1529 774 1590 lamae
789 1545 876 1602 suae,
892 1527 915 1589 si
931 1526 976 1588 dis
991 1535 1042 1588 aut
1055 1526 1228 1589 hominibus
1245 1547 1318 1590 um-

184 1628 213 1679 ³3
236 1638 323 1700 quam
339 1619 406 1681 ullis
426 1615 575 1698 pepercit;
590 1614 734 1695 ignoscite
750 1612 872 1693 Cethegi
886 1612 1113 1686 adulescentiae,
1129 1611 1184 1673 uisi
1200 1612 1316 1675 iterum

185 1713 214 1764 ³4
234 1705 346 1786 patriae
361 1703 471 1766 bellum
487 1701 565 1765 lecit.
595 1701 667 1761 Nam
683 1697 754 1778 quid
770 1717 825 1777 ego
840 1697 877 1758 de
893 1696 1019 1759 Gabinio
1038 1697 1151 1759 Statilio
1167 1696 1316 1777 Caepario

235 1792 357 1870 loquarz
381 1787 489 1868 quibus
503 1787 527 1849 si
550 1786 708 1865 quicquam
723 1801 865 1862 umquam
880 1783 965 1863 pensi
981 1782 1093 1858 luisset,
1108 1801 1170 1844 non
1186 1802 1220 1843 ea
1237 1803 1318 1846 con-

184 1885 212 1936 35
235 1876 298 1938 silia
319 1875 355 1936 de
377 1893 409 1936 re
429 1872 547 1954 publica
568 1871 751 1932 habuissent.
780 1868 949 1942 Postremo,
970 1876 1070 1948 patres
1092 1867 1278 1950 conscripti,
1294 1872 1318 1932 si

235 1960 404 2024 mehercule
419 1967 540 2039 peccato
556 1955 639 2018 locus
661 1963 747 2029 esset,
762 1953 847 2015 facile
863 1961 981 2033 paterer
999 1972 1051 2014 vos
1065 1953 1128 2033 ipsa
1143 1971 1176 2014 re
1191 1957 1317 2034 corrigi,

236 2047 376 2128 quoniam
389 2044 478 2105 verba
491 2039 695 2116 contemnitis;
707 2037 758 2100 sed
774 2038 905 2118 undique
920 2038 1113 2100 circumventi
1125 2056 1246 2101 sumusz
1263 2041 1319 2103 Ca-

234 2132 318 2193 tilina
344 2147 410 2191 cum
433 2126 563 2189 exercitu
586 2123 721 2185 saucibus
740 2131 841 2202 urget;
863 2123 911 2184 alii
931 2123 1008 2184 intra
1030 2123 1146 2186 moenia
1168 2130 1263 2203 atque
1288 2127 1317 2187 in

270 2248 424 2298 concordat:
439 2241 546 2295 reflexio
558 2240 583 2291 in
597 2238 655 2291 dem
668 2237 747 2291 Sinne
833 2241 873 2292 34.
896 2241 992 2306 quibua
1012 2245 1037 2290 at
1060 2276 1066 2291 .
1085 2276 1092 2292 .
1111 2277 1118 2291 .
1146 2242 1320 2295 habuissent:

234 2309 301 2366 ‘sich
311 2309 485 2375 verwandeln,
497 2300 680 2374 umsoblagen’,
693 2305 747 2373 rgl.
800 2308 862 2360 (lato
876 2308 976 2361 scbeint
987 2308 1042 2360 bier
1053 2307 1196 2361 rdclrwiarts
1210 2324 1260 2362 aus
1275 2312 1321 2363 der

235 2381 289 2448 lug.
308 2383 350 2444 85,
368 2382 391 2430 9.
799 2375 1320 2432 Thatauldaslrdberebebenderlaeute

272 2450 313 2502 29.
324 2463 453 2513 praepes-o
465 2483 472 2498 .
485 2483 491 2498 .
505 2482 512 2497 .
524 2444 633 2496 cedunt:
652 2443 748 2495 ebenso
799 2459 831 2495 zu
840 2443 989 2505 schlielsem
1003 2445 1079 2497 allein
1096 2443 1166 2497 diese
1175 2443 1320 2514 Weudung

237 2519 279 2583 26,
292 2519 319 2570 b:
339 2516 385 2567 mit
402 2514 460 2568 dem
477 2512 588 2567 Adverb.
605 2527 679 2562 secus
696 2510 748 2576 lug.
800 2512 835 2564 ist
846 2511 904 2564 eine
916 2511 998 2565 blolse
1011 2513 1167 2565 oratoriscbe
1181 2512 1262 2566 rom
1280 2517 1321 2568 sur

237 2588 279 2645 20.
298 2588 321 2639 b.
801 2580 846 2633 das
864 2579 1009 2633 einlaobere
1028 2575 1138 2634 ‘welche
1157 2581 1198 2632 ihr
1218 2597 1321 2648 ganzes

271 2655 312 2707 30.
329 2652 363 2704 A.
378 2651 540 2719 Torquatus:
558 2665 586 2703 er
600 2650 665 2703 biels
683 2650 748 2702 nach
799 2648 997 2715 gewissenloses
1010 2648 1094 2700 Leben
1109 2649 1256 2714 anchjetzt
1277 2652 1324 2704 aui

238 2722 295 2775 dem
308 2720 420 2787 Zeugnis
437 2720 500 2773 aller
516 2721 623 2786 r'rbrigen
640 2717 748 2779 Ouelleu
800 2715 1321 2782 solclrescblecbteWegeldhrenmuls-

240 2790 316 2842 lb'tua
333 2789 384 2842 und
403 2790 460 2841 tbat
476 2788 522 2840 das
537 2789 592 2840 hier
602 2787 749 2849 Erwdbnte,
799 2779 874 2837 ten’.
900 2783 981 2836 burch
994 2783 1039 2836 das
1051 2785 1186 2851 norberige
1198 2788 1273 2852 quad
1285 2791 1322 2840 lo

238 2859 277 2912 als
296 2875 323 2911 er
340 2860 390 2911 414
415 2858 498 2919 (340),
522 2870 580 2908 zum
604 2854 750 2908 drittenmal
800 2851 1323 2920 quarwirddieGewissenlosigkeitder-

238 2921 749 2989 llonsul‚mildenbatinernlrimplte.
800 2919 1323 2987 selbenalsallgemeinbekanntundan-

237 2994 321 3048 Wenn
334 2993 378 3046 der
386 2991 485 3055 lrrtum,
497 2991 564 3041 bollo
576 2989 686 3055 Galbco,
697 3004 749 3042 von
800 2987 908 3040 erkannt
925 2988 1082 3041 bezeichnet

239 3062 301 3115 Sall.
312 3059 436 3123 berrbbrt,
449 3073 478 3110 so
490 3057 583 3110 berubt
593 3057 674 3110 eraui
681 3057 751 3109 einer
836 3057 1060 3109 cimeteriolo:
1082 3057 1154 3110 nicht
1178 3057 1266 3111 selben
1288 3061 1322 3111 im

238 3126 457 3192 verwecbselung
464 3125 512 3177 mit
520 3125 576 3178 dem
589 3125 649 3191 gall.
659 3125 751 3192 llriege
801 3122 969 3189 Nebensatze,
987 3125 1035 3176 wie
1048 3124 1115 3185 hiem
1134 3123 1175 3176 Or.
1187 3121 1259 3178 Pbil.
1279 3132 1323 3186 l't;

239 3199 288 3250 39³
299 3191 752 3260 (361),inwetcnemmanltus,eben-
801 3191 852 3244 Cic.
876 3192 902 3242 in
928 3192 982 3244 (lat.
1008 3197 1031 3257 2,
1051 3195 1075 3258 t,
1101 3196 1132 3246 16
1155 3193 1201 3244 illo
1228 3202 1324 3247 autern

239 3280 268 3318 so
285 3263 335 3315 wie
351 3263 437 3330 opiter
452 3261 506 3314 sein
522 3258 601 3326 Sobn,
620 3262 655 3312 im
669 3260 750 3312 Zwei-
800 3262 825 3310 εἰ
841 3260 990 3312 mehercule
1007 3263 1057 3312 boo
1075 3261 1148 3326 quod
1163 3263 1225 3326 agit
1241 3279 1325 3314 nune·

238 3331 329 3399 lrampl
345 3329 399 3383 sich
414 3329 563 3382 bervorthat
574 3327 625 3382 und
635 3329 684 3381 deu
693 3328 751 3381 Bei-
801 3343 880 3394 paam
889 3324 1123 3396 anbacogitareat,
1134 3333 1225 3380 tamon
1236 3332 1327 3384 latro·

239 3414 331 3452 namen
349 3397 493 3466 Torquatus
512 3397 610 3450 erhielt,
801 3399 933 3448 duonum
947 3414 975 3448 re
991 3397 1111 3460 interfici
1126 3397 1219 3448 mallet
1238 3415 1326 3465 quam

273 3472 313 3521 31.
327 3460 750 3531 obstatz‘stelttmilderndentge·
800 3464 904 3515 eoubm
922 3466 1017 3516 cinara.
1053 3464 1086 3517 lls
1107 3463 1253 3532 belrristigt
1271 3468 1326 3521 den

239 3531 305 3603 gen'.
328 3534 382 3588 biv.
397 3537 419 3599 l,
431 3535 465 3586 26
477 3537 559 3586 atron
570 3535 657 3584 cirum
667 3532 699 3584 a'd
707 3529 750 3594 sa·
802 3546 899 3598 genuen
920 3532 1194 3599 zusammengelalsten
1215 3533 1327 3588 Gedan·

241 3605 318 3656 ainus
330 3603 459 3665 (Horatii)
473 3604 600 3668 patribus
612 3601 753 3668 pbbtquc:
801 3597 863 3662 ken;
877 3600 932 3653 also
944 3602 1009 3654 anob
1022 3601 1071 3654 den
1083 3600 1238 3668 llauptsalz;
1258 3603 1328 3657 aber

240 3671 389 3724 rada-acam
400 3672 526 3721 merdam
537 3669 610 3731 scoto
624 3669 751 3721 obstabat.
802 3667 856 3720 bier
882 3668 946 3735 liegt
974 3669 1150 3722 vomebmlicb
1177 3669 1252 3722 darin
1285 3669 1328 3725 ‘ct

275 3741 316 3792 3³.
333 3741 444 3790 iterum:
462 3737 517 3791 also
531 3736 603 3790 batte
621 3736 690 3788 wohl
707 3735 752 3788 (ie-
800 3736 948 3788 macerante
960 3743 1073 3805 peccato
1090 3738 1164 3788 locate
1180 3753 1239 3790 non
1257 3735 1328 3802 αι’,

241 3808 334 3874 tbegus
355 3806 434 3859 sebon
462 3819 493 3857 an
519 3804 563 3858 der
585 3810 669 3857 ersten
691 3803 752 3856 Ver·
802 3818 856 3856 was
875 3803 952 3858 durch
970 3805 1016 3859 das
1029 3804 1159 3872 Folgende
1177 3806 1276 3874 (ηις
1298 3814 1327 3872 4)

241 3876 395 3940 scbwdrung
422 3873 494 3939 (dap.
514 3875 555 3937 18)
577 3873 621 3926 teil
648 3887 752 3939 genom-
801 3871 922 3925 erldntert
940 3874 1011 3926 wird.
1106 3881 1111 3894 ·

242 3959 313 4005 mem
331 3958 351 3995 s.
372 3945 411 4004 tt,
430 3945 454 3996 ³.
695 3977 698 3987 ,
833 3939 972 4002 farcoibm:
990 3942 1048 3995 Abl.
1069 3941 1120 3994 wie
1138 3941 1165 3994 in
1182 3939 1234 3994 den
1254 3943 1329 3998 Aus
