2776 4574
374 240 416 292 DE
434 239 518 294 GONl.
536 237 638 292 datm.
674 239 701 293 6.
719 243 828 296 as-at.
1099 241 1139 301 55

58 413 307 475 coniurationem
321 412 500 493 patefecerat
522 429 620 489 neque
641 429 678 472 ex
700 411 803 474 castris
825 411 964 474 Catilinae
985 413 1142 493 quisquam

58 497 204 560 omnium
219 498 406 560 discesserat:
428 504 510 557 tanta
531 495 575 557 vis
595 495 693 556 morbi
715 514 750 557 ac
767 496 857 558 veluti
879 496 962 559 tabes
982 498 1142 578 plerosque

57 582 179 645 civium
200 583 314 644 animos
336 583 492 645 invaserat.
528 580 631 660 Neque
653 581 748 644 solum
770 581 827 644 illis
848 581 942 644 ahena
963 600 1048 645 mens
1068 593 1140 659 erat,
1158 589 1194 647 tt

56 669 114 748 qui
132 669 248 730 conscii
262 666 477 730 coniurationis
491 667 618 741 lucrant,
634 665 685 728 sed
701 667 823 730 omnino
846 676 952 729 cuncta
966 667 1069 748 plebes
1086 688 1142 730 no·

55 773 171 816 varum
192 771 294 814 rerum
313 753 410 814 studio
425 749 565 814 Catilinae
586 751 703 832 incepta
723 751 877 832 probabat.
912 752 943 814 ld
966 753 1039 814 adeo
1059 771 1143 816 more
1165 767 1179 818 2

56 860 118 902 suo
136 838 291 900 ridebatur
306 840 412 900 lacere.
441 837 514 898 Nam
529 854 647 915 semper
658 837 690 898 in
705 837 819 898 civitate
835 837 942 917 quihus
957 856 1030 917 opes
1044 838 1143 900 nullae
1164 851 1179 901 t

57 934 139 988 sunt
151 923 240 986 bonis
255 923 396 997 invident,
412 921 505 984 malos
516 921 668 996 extollunt,
684 922 888 998 reteraodere‚
903 941 979 985 nova
991 931 1141 1003 exoptant,

56 1011 135 1071 odio
154 1027 275 1070 suarum
289 1026 391 1070 rerum
405 1006 512 1069 mutari
529 1007 627 1068 omnia
638 1008 772 1070 student:
787 1006 875 1069 turba
890 1017 978 1088 atque
988 1009 1144 1070 seditioni-

55 1096 121 1156 bus
133 1095 202 1156 sine
212 1111 284 1154 cura
294 1093 423 1168 aluntur,
435 1093 577 1172 quoniam
587 1101 701 1172 egestas
709 1092 795 1154 facile
811 1093 935 1154 habetur
945 1094 1010 1156 sine
1024 1092 1142 1156 damno.

56 1180 123 1242 Sed
152 1177 266 1240 urbana
291 1179 408 1259 plebes,
436 1196 470 1238 aa
495 1196 564 1239 vero
590 1196 734 1258 praeceps
761 1185 823 1240 erat
849 1177 884 1240 de
910 1179 1011 1242 multis
1036 1179 1143 1242 causis.
1165 1191 1180 1242 t

58 1265 205 1326 Primum
220 1264 369 1338 omnium,
391 1263 443 1343 qui
463 1262 576 1342 ubique
593 1262 706 1342 probro
728 1271 816 1342 atque
832 1264 993 1342 petulantia
1008 1283 1143 1327 maxume
1165 1277 1179 1326 5

57 1349 265 1431 praestabant,
280 1349 351 1411 item
367 1348 415 1409 alii
430 1366 485 1428 per
499 1347 644 1410 dedecora
658 1348 843 1429 patrimoniis
855 1349 977 1425 amissis,
992 1358 1142 1428 postremo

58 1453 188 1509 omnes,
209 1453 285 1513 quos
306 1433 449 1514 flagitium
470 1441 521 1493 aut
542 1433 658 1495 facinus
679 1435 767 1495 domo
783 1433 951 1514 expulerat,
975 1435 1002 1495 ei
1018 1434 1142 1497 Romam

57 1521 141 1582 sieut
157 1520 189 1580 in
205 1519 353 1581 sentinam
367 1519 582 1581 confluxerant.
612 1518 725 1581 Deinde
739 1519 825 1580 multi
843 1537 990 1582 memores
1005 1519 1143 1583 Sullanae
1164 1531 1180 1582 6

57 1605 223 1679 victoriae,
250 1605 330 1683 quod
351 1623 388 1665 ex
407 1603 551 1684 gregariis
572 1604 712 1666 militibus
733 1604 805 1666 alios
822 1612 974 1666 senatores
993 1604 1142 1679 videbant,

58 1691 136 1752 alios
152 1691 194 1750 ita
210 1689 326 1764 divites,
354 1697 387 1749 ut
402 1689 484 1766 regio
499 1687 579 1748 victu
593 1696 681 1766 atque
696 1688 778 1749 cultu
792 1697 917 1750 aetatem
932 1697 1070 1769 agerent,
1086 1689 1143 1750 sibi

58 1776 208 1855 quisque,
229 1773 300 1835 siin
317 1774 406 1834 armis
421 1775 512 1846 foret,
536 1791 571 1833 ex
585 1772 707 1833 victoria
721 1773 790 1834 talia
803 1771 950 1853 sperabat.
986 1773 1144 1835 Praeterea
1165 1787 1179 1836 t

58 1861 219 1932 iuventus,
242 1877 317 1938 quac
338 1859 369 1920 in
392 1858 470 1938 agris
490 1875 633 1919 manuum
653 1859 789 1920 mercede
810 1857 942 1937 inopiam
960 1857 1141 1934 toleraverat,

57 1945 186 2026 privatis
203 1952 292 2022 atque
303 1943 430 2023 publicis
439 1942 645 2022 largitionibus
655 1943 750 2005 excita
764 1942 913 2005 urbanum
923 1943 1017 2004 otium
1026 1943 1142 2022 ingrato

60 2075 580 2214 itt“dtttltdtdtttl‘t
631 2077 1144 2212 tttft.ttttt.ihi..tth‚itit}

94 2213 141 2269 Sl.
164 2217 187 2266 1.
205 2214 296 2265 aliana
313 2229 398 2265 marae:
417 2212 480 2266 Sall.
498 2213 580 2266 bleibt
632 2214 705 2273 dher;
724 2213 776 2280 vgl.
794 2229 826 2266 nu
846 2217 869 2280 l,
887 2218 911 2266 6.

60 2283 118 2334 hier
131 2281 201 2335 noch
212 2281 254 2334 bei
270 2281 328 2334 dem
340 2281 413 2334 Bilde
425 2281 470 2334 der
482 2281 581 2334 manu·
661 2297 790 2348 praeceps
799 2286 870 2334 erat:
884 2281 944 2334 laist
957 2281 998 2334 die
1010 2281 1143 2334 einzelnen

61 2351 130 2411 heit;
157 2350 224 2402 oller
247 2365 276 2402 so
298 2347 344 2402 das
362 2349 438 2402 Verb.
461 2351 580 2402 altmaro
631 2349 701 2416 nge
719 2348 766 2402 des
783 2365 838 2403 vor.
856 2348 1002 2416 Paragraph
1025 2349 1052 2400 in
1069 2349 1144 2402 einen

60 2419 88 2469 in
107 2418 155 2470 der
178 2418 249 2469 irati.
272 2417 398 2484 Spraohe:
419 2433 493 2469 mene
515 2419 581 2469 ah'a·
630 2416 1144 2470 husdrucltausammenundbeneichnet

61 2492 158 2548 natur,
169 2485 264 2538 ubertr.
278 2486 323 2537 aul
333 2485 442 2551 geistige
451 2485 579 2538 Zustande
632 2501 661 2538 so
670 2485 818 2538 umlassend
830 2485 880 2538 den
888 2484 994 2538 blinden
1005 2485 1060 2538 sich
1070 2486 1144 2538 uber·

61 2554 117 2606 liv.
135 2557 177 2615 10,
190 2555 232 2618 29,
244 2555 259 2603 2
271 2554 345 2604 volat
356 2553 474 2604 alienata
486 2559 580 2620 mente,
631 2552 783 2605 atdraenden
801 2553 869 2605 lliler
889 2553 930 2605 hir
948 2553 1035 2606 solohe
1053 2553 1145 2606 Uuter·

60 2621 126 2686 und,
145 2620 213 2672 ohne
231 2620 310 2684 velat,
328 2623 353 2684 8,
368 2623 408 2685 ts,
421 2623 464 2672 12:
485 2622 582 2686 (dtata-
631 2621 806 2686 nehmungen,
830 2621 881 2672 wie
905 2621 947 2672 die
963 2621 1009 2674 des
1028 2621 1144 2674 Catilina.

62 2689 165 2752 torota)
183 2687 314 2738 alienatas
330 2687 465 2739 discordia
483 2693 582 2740 menter
632 2687 927 2754 Zupraeeepsvgldug.
937 2690 961 2749 6,
971 2691 995 2740 3.
1012 2688 1046 2740 Es
1056 2689 1144 2755 lolgen

61 2759 206 2808 homirnam
230 2771 259 2808 eo
282 2755 390 2822 piaculo
414 2761 582 2821 compater
633 2757 701 2808 dann
718 2754 759 2806 die
775 2755 877 2808 Grdnde
894 2753 978 2806 dieses
996 2755 1087 2820 illiers,
1103 2755 1144 2808 die

60 2829 107 2876 rui
123 2823 229 2886 famare.
632 2822 784 2876 moralische
794 2821 1007 2886 Versunltenheit,
1016 2823 1061 2874 der
1070 2823 1146 2876 Geld-

97 2893 226 2954 fuerant:
244 2891 354 2943 nimlich
371 2890 452 2944 sehon
463 2907 510 2945 vor
522 2891 581 2944 dem
630 2891 684 2944 und
700 2890 822 2958 Ehrgeir‚
845 2891 889 2944 der
909 2890 1065 2958 Parteihals‚
1089 2891 1144 2945 also

64 2960 239 3028 allgemeinen
273 2958 496 3012 Behanntwerden
536 2959 582 3012 der
631 2959 774 3026 uberhaupt
798 2957 843 3012 der
865 2959 1000 3012 verderbte
1022 2957 1144 3025 Zustand,

64 3027 276 3094 Verschwdrung
292 3027 372 3081 durch
389 3027 431 3080 die
442 3026 581 3081 Senatsbe-
631 3029 658 3082 in
676 3028 793 3080 walchen
810 3027 856 3081 das
872 3029 999 3081 romische
1015 3026 1083 3080 Vollr
1101 3042 1145 3095 ge·

65 3097 197 3157 sehldsse;
217 3096 295 3149 daher
312 3097 358 3149 das
376 3094 543 3164 Plusquanrp.
631 3101 704 3148 roten
721 3111 783 3148 war.

99 3167 124 3219 2.
143 3165 224 3218 adeo:
247 3165 283 3216 ist
302 3164 357 3217 hier
375 3165 425 3216 wie
443 3165 459 3230 ἦ
479 3168 509 3218 11
529 3165 581 3218 und
665 3169 690 3218 6.
701 3169 852 3216 senatores:
865 3163 931 3230 Epit.
944 3163 991 3216 liv
1003 3165 1035 3217 89
1048 3164 1144 3230 (Sulla)

66 3232 133 3284 diter
155 3233 199 3286 bei
222 3231 298 3298 Sall,
329 3234 394 3286 auch
422 3232 464 3286 bei
485 3233 580 3286 andern
630 3233 1145 3299 sanatamaaaqaortriardtaeaappta·

67 3298 206 3366 Seluiltst,
219 3300 302 3354 blolse
314 3299 359 3353 das
371 3300 580 3367 vorhergehende
630 3304 678 3354 vit.
704 3299 821 3353 Dadurch
839 3299 899 3352 kam
915 3301 1035 3352 mancher
1047 3316 1094 3353 nur
1106 3301 1145 3352 als

66 3366 142 3422 Pron.
161 3369 370 3422 hervorhebende
387 3368 520 3434 Euclitica.
633 3369 723 3422 Soldet
740 3366 866 3434 Tdchtige
883 3367 981 3420 hinein:
999 3368 1074 3421 Dion.
1089 3367 1144 3420 llal.

101 3439 124 3489 3.
144 3441 257 3503 egestas:
283 3435 342 3490 Seu.
361 3453 401 3505 ep.
422 3433 462 3504 l’l,
486 3442 501 3491 6
526 3452 581 3489 nort
632 3441 656 3503 6,
674 3440 705 3489 'l'l
724 3432 826 3502 βουλήν
843 3455 873 3488 aa
889 3432 941 3506 γὰρ
964 3437 993 3487 du
1010 3436 1070 3488 τῶν
1087 3437 1145 3490 ἐπι-

66 3509 105 3554 eat
122 3507 196 3571 quod
206 3511 355 3571 paupertas
366 3521 414 3556 tros
431 3522 448 3557 a
463 3505 582 3572 pbiloeo·
631 3503 772 3568 τυχόντων
799 3499 964 3575 ἀνθρώπων
990 3507 1144 3570 συνέστησε.

64 3573 131 3636 phio
149 3577 268 3638 revocat,
292 3589 325 3624 ne
346 3578 448 3638 egestas
466 3574 581 3639 quidam.
667 3576 691 3624 t.
701 3572 778 3640 publ.
791 3571 995 3637 largitionibus:
1013 3572 1090 3624 dahin
1102 3588 1146 3639 ge·

99 3644 158 3694 eine
184 3641 296 3692 damno:
320 3641 388 3693 dh.
412 3645 581 3708 agmtataimo
633 3641 724 3708 gehdrt
741 3657 766 3692 ιι.
779 3655 801 3692 a.
820 3639 862 3692 die
878 3640 1005 3692 aedilicia
1023 3642 1144 3706 largitio,

71 3711 582 3844 corrationalitate
632 3707 1144 3842 itttatttlvittttttttth

69 3839 120 3909 lug.
140 3849 181 3910 66,
200 3849 223 3898 3.
633 3863 675 3911 ra,
688 3843 755 3910 tadi,
766 3815 928 3898 conditones.
949 3832 1146 3897 inminuerunt

78 3953 81 3964 .
101 3915 126 3967 4.
148 3914 208 3965 aad:
231 3913 304 3966 leitet
327 3928 387 3966 rom
411 3913 581 3980 allgemeinen
634 3927 721 3966 waren
738 3912 779 3964 die
793 3915 921 3979 privatae
934 3914 1011 3979 larg,
1030 3913 1079 3965 wie
1098 3913 1144 3978 sie,
