2738 4576
338 299 380 353 DE
398 299 501 354 BELLO
519 299 672 354 rutilare.
707 301 734 354 G.
754 303 863 355 'lo-ld.
1080 297 1140 360 173

68 495 124 538 suo
141 493 217 555 opus
232 493 296 537 esse
312 475 343 536 in
360 474 584 537 tabernaculum
600 475 729 550 introiit,
745 475 910 538 dormiente
928 476 977 537 illo
990 477 1143 557 epistulam

68 577 161 641 super
175 569 264 640 caput
279 561 310 621 in
326 550 448 640 pulvino
463 570 573 622 temere
596 561 721 641 positam
744 561 833 623 sumit
854 579 888 622 ac
910 561 1050 641 perlegit,
1073 489 1167 638 dein!

67 663 198 726 propere
214 646 342 725 cognitis
357 645 472 707 insidiis
487 647 521 706 ad
539 664 639 724 regem
660 647 767 726 pergit.
797 645 940 708 Nabdalsa
963 648 1052 725 paulo
1074 658 1143 729 post
1168 659 1182 707 5

66 738 258 810 experrectus
272 730 324 792 ubi
340 749 438 810 neque
454 730 608 810 epistulam
624 731 758 811 repperit
773 740 802 792 et
816 749 879 792 rem
892 749 1011 792 omnem
1022 734 1066 794 uti
1082 742 1144 794 acta

66 824 131 877 erat
144 815 295 895 cognovit,
310 815 407 895 primo
423 815 551 876 indicem
566 817 705 896 persequi
715 824 849 889 conatus,
865 824 1023 896 postquam
1036 817 1065 879 id
1081 819 1144 880 lru·

65 910 127 962 stra
142 901 206 973 luit,
222 901 394 980 Iugurtham
406 901 543 980 placandi
555 901 646 981 graua
658 902 785 977 accedit;
801 901 880 974 dicit,
897 919 972 981 quae
984 903 1046 983 ipse
1058 921 1144 984 para-

65 987 156 1048 visset
166 985 272 1054 faeere,
289 985 412 1065 perfidia
424 985 540 1048 clientis
552 987 598 1048 sui
608 995 784 1067 praeventa;
802 986 970 1048 lacrumans
981 987 1146 1050 obtestatur

65 1089 121 1150 per
136 1070 292 1132 amicitiam
307 1089 420 1151 perque
436 1089 488 1133 sua
505 1079 592 1133 antea
607 1072 734 1134 fideliter
747 1080 829 1144 acta,
850 1091 889 1133 nc
905 1090 994 1151 super
1008 1073 1059 1134 tali
1081 1091 1144 1135 sce-

66 1157 129 1217 lere
144 1164 315 1236 suspectum
330 1175 395 1218 sese
410 1156 541 1218 baberet.
570 1157 614 1218 Ad
628 1176 661 1218 ea
674 1175 736 1230 rex,
747 1156 833 1217 aliter
843 1170 931 1236 atque
946 1158 1046 1220 animo
1059 1177 1144 1238 gere·
1162 1157 1197 1212 72

67 1242 133 1314 bat,
149 1241 263 1321 placide
282 1242 444 1321 respondit.
481 1242 645 1303 Bomilcare
667 1243 790 1321 aliisque
812 1243 928 1316 multis,
952 1261 1027 1321 quos
1049 1245 1145 1306 socios

68 1325 242 1388 insidiarum
258 1335 452 1405 cognoverat,
468 1327 634 1389 interfectis
652 1327 724 1389 iram
748 1336 950 1407 oppresserat,
968 1346 1006 1390 ne
1029 1347 1086 1408 qua
1110 1349 1145 1390 ex

69 1431 106 1473 co
122 1412 242 1489 negotio
258 1412 363 1472 seditio
380 1419 524 1474 oreretur.

152 1497 255 1577 Neque
271 1505 339 1576 post
354 1497 383 1558 id
398 1496 533 1558 locorum
552 1496 711 1576 Iugurthae
728 1497 790 1558 dies
812 1505 863 1559 aut
883 1516 944 1558 nox
965 1499 1024 1559 ulla
1047 1501 1145 1580 quieta
1168 1506 1182 1555 1

66 1581 139 1642 luit:
156 1600 253 1661 neque
267 1582 334 1643 loco
348 1601 447 1660 neque
469 1581 585 1642 mortali
608 1581 745 1660 cuiquam
768 1590 819 1642 aut
840 1583 967 1662 tempori
988 1585 1058 1646 satis
1080 1603 1146 1647 cre-

67 1668 148 1742 dere,
160 1666 231 1727 civis
242 1667 395 1746 hostisque
403 1667 485 1728 iuxta
497 1673 639 1736 metuere,
653 1667 901 1745 circumspectare
913 1667 1013 1728 omnia
1025 1677 1053 1730 et
1065 1671 1145 1731 omni

66 1751 192 1832 strepitu
208 1769 382 1831 pavescere,
398 1751 454 1812 alio
474 1759 563 1830 atque
579 1751 635 1811 alio
651 1751 732 1824 loco,
748 1769 835 1832 saepe
859 1759 962 1812 contra
986 1753 1075 1816 decus
1097 1773 1145 1816 re-

67 1837 159 1917 gium,
176 1843 267 1898 noctu
283 1835 481 1915 requiescere,
506 1835 655 1897 interdum
671 1854 776 1896 somno
793 1836 906 1897 excitus
920 1839 1046 1917 arreptis
1056 1841 1146 1902 armis

66 1922 228 1984 tumultum
243 1923 359 1982 facere:
375 1921 416 1982 ita
430 1921 588 1982 formidine
605 1921 688 2000 quasi
708 1921 842 1982 vecordia
857 1922 1007 1999 exagitari.
1186 1929 1238 2006 ζ,

155 2006 250 2086 Igitur
263 2006 408 2082 Metellus,
424 2006 528 2067 ubido
544 2023 614 2066 casu
628 2005 801 2067 Bomilcaris
816 2014 843 2067 et
866 2007 975 2068 indicio
998 2011 1144 2087 patefacto
1163 2009 1197 2064 tt

65 2110 104 2152 ex
120 2091 252 2172 perfugis
273 2092 426 2170 cognovit,
441 2110 546 2153 rursus
560 2099 709 2170 tamquam
727 2091 762 2152 ad
777 2091 928 2172 integrum
943 2092 1053 2154 bellum
1070 2113 1145 2156 cuu-

66 2186 115 2238 cta
132 2187 216 2256 parat
234 2177 421 2258 festinatque.
452 2176 576 2238 Marium
593 2175 765 2256 fatigantem
780 2177 816 2237 de
839 2177 1038 2257 proiectione,
1061 2179 1147 2242 simul
1170 2187 1184 2238 1

65 2271 97 2324 et
113 2262 237 2324 invitum
249 2270 278 2324 et
289 2263 435 2328 ollcnsum
445 2262 500 2324 sibi
512 2279 616 2342 parum
630 2261 772 2324 idoneum
782 2271 873 2338 ratus,
886 2262 1006 2326 domum
1017 2264 1145 2328 dimittit.

65 2413 111 2474 ist,
128 2405 166 2462 ‘es
184 2411 250 2477 gebe
262 2411 303 2464 lnr
319 2413 363 2464 ibn
381 2418 463 2466 etwas
475 2429 506 2464 au
519 2411 582 2464 tbun
634 2411 768 2464 scbeiubar
785 2413 911 2478 pleonast
930 2414 992 2466 aber
1008 2415 1145 2481 eigentlicb

65 2479 132 2531 oder
150 2494 182 2530 zu
200 2475 319 2532 denken’.
635 2479 804 2546 abgekilrzter
826 2479 962 2532 Ansdruck
983 2481 1025 2534 fiir
1045 2500 1077 2534 re
1097 2499 1147 2550 por

100 2549 127 2599 5.
146 2562 214 2610 quae
231 2549 287 2614 ipse
303 2563 368 2612 par.
389 2545 490 2607 facore:
514 2547 584 2598 uim·
633 2547 765 2598 indicium
777 2545 928 2612 patefacta.

64 2615 121 2668 licb
140 2612 181 2665 die
198 2613 312 2680 Anzeige
329 2615 372 2666 bei
389 2614 522 2680 Jugurtba.
668 2617 692 2667 1.
711 2613 884 2677 fatigantem:
903 2631 934 2666 zu
954 2620 1037 2681 11,1.

101 2696 197 2746 super:
216 2697 262 2733 nur
279 2682 334 2734 bier
351 2683 378 2733 in
390 2681 474 2733 dieser
485 2681 585 2734 Bedeu·
668 2681 887 2732 simul...rotue:
900 2682 941 2733 ein
951 2685 1146 2753 neuerBeweg-

66 2761 148 2814 long,
166 2747 216 2800 und
237 2749 380 2816 riberbaupt
398 2765 429 2800 zu
449 2748 510 2801 Sall.
528 2749 584 2800 Zeil
636 2749 727 2815 grund,
745 2747 790 2800 der
806 2764 839 2799 zu
850 2747 908 2808 dem
927 2750 992 2801 eben
1011 2753 1147 2818 angeliihr-

65 2834 118 2871 nur
135 2815 218 2898 seltqn
236 2832 266 2869 so
284 2817 437 2898 gebrauchtj
455 2817 585 2898 spiterbin
635 2821 679 2869 ten
691 2815 876 2869 binznkommt.
904 2816 950 2869 Ille
962 2815 1051 2871 Worte
1071 2824 1148 2872 etin-

66 2884 300 3005 titillet·
316 2884 585 3016 1111111111
635 2886 1147 3018 11111111111111111111

66 3020 185 3074 sceleris.
636 3021 701 3073 eben
715 3026 741 3071 ei
750 3059 758 3073 .
768 3061 775 3076 .
785 3059 792 3072 .
803 3024 838 3088 ei)
851 3019 979 3075 Ursacbcn
993 3023 1147 3091 desperem

101 3085 149 3142 72.
164 3093 186 3141 l.
199 3091 419 3154 onimogerebot:
432 3089 584 3140 wieonimo
634 3089 773 3155 idoneum,
801 3106 853 3142 vou
877 3089 960 3143 denen
988 3090 1030 3143 die
1051 3097 1147 3146 erstere

67 3158 197 3223 agitabat
216 3161 256 3221 11,
276 3160 298 3210 1.
634 3156 891 3225 bedingungsweise,
914 3159 955 3211 die
978 3162 1070 3212 aweite
1092 3161 1148 3213 lak-

101 3227 176 3274 iram
194 3229 376 3292 oppresserat:
394 3219 432 3277 ‘er
449 3223 521 3277 batte
534 3225 583 3277 sei·
635 3225 701 3277 lisch
728 3226 875 3279 vorbanden
902 3227 943 3281 ist.
985 3228 1147 3297 Vollstindig

68 3307 129 3344 nem
157 3292 223 3345 Zorn
249 3307 332 3360 gegen
356 3291 485 3345 Nabdalsa
513 3292 584 3344 nicht
634 3294 708 3346 lielse
731 3294 785 3346 sich
809 3294 855 3346 das
879 3294 964 3347 (ianne
986 3296 1146 3350 ausdrtlclren

69 3361 152 3412 lreien
169 3359 235 3412 Laui
251 3361 385 3426 gelassen,
408 3361 518 3414 sondern
539 3360 582 3411 ibn
634 3357 829 3429 ‘simuiporum
840 3363 1058 3431 idoneumraius,
1070 3369 1148 3418 cuius

68 3427 206 3494 bewilligt
221 3427 281 3494 „und
307 3430 333 3480 in
362 3429 415 3480 sich
442 3427 583 3494 curlickge-
636 3446 716 3498 opera
734 3433 764 3481 in
785 3430 851 3481 bello
873 3437 1009 3498 uteretur,
1033 3438 1059 3484 oi
1081 3438 1146 3500 quio

69 3490 179 3562 drangt'.
215 3495 284 3549 Uber
305 3495 351 3548 das
373 3495 540 3564 Plusquamp.
562 3513 583 3550 s.
635 3499 767 3564 denegato
777 3502 901 3550 missione
910 3503 1011 3552 inuitur
1019 3501 1065 3552 ille
1074 3517 1148 3553 mun·

70 3579 101 3616 zu
121 3564 175 3616 cat.
194 3565 235 3626 24,
255 3569 277 3616 1.
634 3582 715 3618 mrus
731 3571 810 3632 cerei,
833 3571 858 3618 ei
881 3571 1008 3634 quoniam
1025 3571 1077 3620 eibi
1092 3573 1147 3620 iam

105 3634 129 3684 2.
148 3633 179 3683 ti
196 3632 327 3683 Iocorum:
346 3647 378 3683 zu
397 3635 438 3698 63,
456 3635 480 3685 6.
635 3639 700 3686 tunc
718 3630 932 3698 eccelesiam?
968 3636 1047 3690 babet
1061 3638 1147 3690 istin-

106 3705 202 3752 coniro
215 3701 294 3750 Noua
304 3703 424 3765 rogitem:
442 3700 493 3752 wie
506 3703 546 3762 33,
561 3705 583 3752 1.
636 3706 729 3768 vitum,
741 3719 771 3755 so
784 3703 887 3755 absolui
899 3709 997 3771 gesagt,
1009 3705 1147 3772 allerdings

107 3769 251 3819 tumultum
267 3767 371 3829 facore:
395 3769 436 3820 ein
460 3768 523 3820 alter
540 3769 585 3820 Er·
636 3771 830 3838 eigentrimlicb‚
853 3770 919 3824 docb
937 3772 978 3825 die
996 3772 1147 3840 Erginzung

72 3835 158 3888 klirer
174 3835 292 3889 bemerkt
308 3836 396 3890 bierzu
415 3839 493 3903 quasi
510 3839 585 3888 adee—
636 3838 728 3898 leicbt;
752 3839 866 3890 iconem
889 3840 958 3892 steht
981 3840 1048 3892 diter
1071 3841 1147 3893 abso·

74 3910 133 3954 seni
150 3908 197 3970 qui
214 3907 268 3956 nim
283 3908 423 3970 pararent.
635 3905 687 3966 lut;
705 3906 758 3972 vgl.
778 3906 832 3959 (lat.
850 3910 956 3970 51,2·1;
974 3907 1026 3974 lug.
1045 3911 1087 3973 62,
1104 3913 1129 3961 4.

108 3969 151 4027 78.
181 3977 203 4026 1.
233 3973 335 4024 indicio
360 3972 515 4040 patefacto:
543 3974 584 4026 ein
671 3976 778 4026 domnam
800 3976 926 4028 dimittit:
954 3974 1009 4028 dies
1035 3976 1146 4042 gescbab
