2738 4576
327 252 368 304 DE
386 252 488 306 sunto
505 251 659 307 luctatu.
695 251 725 310 G·
741 255 781 308 64.
801 257 842 308 445.
1061 249 1121 313 167

52 425 235 486 ambitiosum
252 427 344 502 foret;
359 426 482 500 milites,
498 425 606 505 quibus
628 425 659 487 in
682 425 816 488 bibernis
837 437 989 506 praeerat,
1012 429 1123 490 laxiore

52 511 172 591 imperio
188 528 276 589 quam
293 521 378 572 antea
392 512 518 587 habere;
540 510 616 591 apud
638 512 851 590 negotiatores,
875 529 1002 590 quorum
1018 531 1124 590 magna

53 595 206 656 multitudo
223 596 322 658 Uticae
338 607 416 670 erat,
432 596 591 658 criminose
606 596 694 658 simul
710 605 741 657 et
754 597 909 677 magnifice
925 598 962 658 de
985 596 1063 659 bello
1078 599 1123 660 lo-

53 681 115 759 qui:
132 680 249 742 dimidia
266 699 336 760 pars
357 682 504 742 exercitus
517 681 542 743 si
557 681 613 743 sibi
635 682 871 760 permitteretur,
894 683 996 762 paucis
1017 682 1125 745 dicbus

53 765 221 843 lugmtbam
236 766 267 827 in
283 768 396 828 catenis
414 765 600 842 habiturum;
624 766 661 826 ab
677 767 854 846 imperatore
877 768 1013 830 consulto
1035 769 1122 842 trabi,

52 851 128 928 quod
142 851 232 911 homo
246 851 345 914 inanis
366 860 395 912 et
416 853 514 930 regiae
537 850 693 930 superbiae
715 852 839 932 imperio
863 852 951 915 nimis
972 853 1123 931 gauderet.

53 935 130 1005 Quae
145 936 244 996 omnia
258 936 316 998 illis
331 955 367 997 eo
384 938 515 998 firmiora
535 936 725 1012 videbantur,
748 938 816 1016 quia
838 938 1030 999 diuturnitate
1052 937 1122 1000 belli
1144 949 1159 998 6

52 1039 95 1081 res
110 1020 260 1082 familiaris
276 1032 481 1100 corruperant,
494 1032 525 1084 et
539 1022 637 1084 auimo
650 1022 781 1102 cupienti
794 1022 945 1085 nibilsatis
957 1023 1122 1085 festinatur.

52 1105 118 1166 Erat
132 1113 285 1185 praeterea
300 1106 331 1168 in
348 1109 478 1170 exercitu
493 1117 596 1169 nostro
607 1108 732 1170 Numida
744 1108 862 1186 quidam
875 1108 995 1170 nomine
1011 1107 1122 1183 Gauda,
1137 1113 1177 1170 44

52 1190 253 1252 Mastanabalis
268 1192 354 1263 iilius,
370 1193 540 1256 Masinissae
556 1209 667 1272 napos,
692 1211 779 1272 quem
803 1194 925 1272 Micipsa
946 1202 1123 1255 testamento

50 1276 212 1337 secundum
225 1277 365 1339 heredem
380 1279 553 1357 scripserat,
575 1277 688 1339 morbis
703 1279 858 1340 conlectus
873 1288 902 1339 et
918 1277 957 1339 ob
973 1297 1038 1340 sam
1053 1297 1124 1340 cau-

51 1379 108 1422 sam
122 1371 224 1422 444444
238 1363 358 1440 paulum
373 1363 529 1426 inminuta.
560 1363 613 1426 Cui
628 1363 764 1426 Metellus
774 1364 903 1443 petenti,
920 1381 1003 1425 more
1020 1382 1125 1443 regum
1147 1371 1162 1422 2

52 1455 81 1505 ut
92 1446 195 1508 sellam
206 1447 286 1507 iuxta
296 1458 431 1527 poneret,
443 1448 513 1509 item
525 1455 628 1528 postea
639 1449 791 1510 custodiae
801 1467 889 1510 causa
900 1458 1027 1510 turmam
1040 1450 1124 1529 equi-

50 1539 108 1591 tum
124 1531 344 1607 Romanorum,
368 1540 528 1612 utrumque
543 1541 715 1613 negaverat:
739 1534 901 1607 bonorem,
925 1533 1004 1612 quod
1020 1552 1124 1596 eorum

51 1635 129 1676 more
145 1617 237 1691 foret,
252 1636 327 1696 quos
343 1619 471 1698 populus
492 1619 644 1679 Montanus
664 1635 749 1696 reges
771 1617 988 1697 adpeMasisset,
1011 1619 1124 1698 praesi-

51 1700 145 1775 dium,
161 1701 241 1780 quod
256 1703 504 1764 contumeliosum
519 1704 550 1764 in
566 1721 618 1764 eos
634 1703 724 1778 soret,
746 1704 770 1764 si
792 1704 907 1781 equites
929 1703 1054 1764 Romani
1076 1721 1123 1765 sa-

51 1787 155 1848 tellites
169 1787 313 1850 Numidae
335 1788 532 1850 traderentur.
569 1785 658 1848 liuns
679 1787 789 1849 Marius
810 1789 930 1850 anxium
952 1788 1123 1867 aggreditur
1144 1799 1160 1849 3

51 1882 138 1950 atque
151 1871 295 1947 hortatur,
311 1882 344 1934 ut
359 1873 606 1934 contumeliarum
620 1873 651 1934 iu
664 1872 873 1952 imperatorem
889 1891 955 1934 oum
971 1889 1025 1934 suo
1041 1874 1126 1935 auxi«.

82 2024 263 2073 ambitiosam:
277 2038 328 2075 vnn
340 2025 450 2074 ambitio
462 2024 489 2075 in
501 2023 558 2078 dem
611 2022 673 2076 Sall.
692 2022 872 2090 gescbriebeu,
894 2038 936 2075 um
955 2022 1124 2089 euzudcuten,

51 2105 79 2140 zu
97 2094 140 2154 45,
160 2092 172 2141 4
192 2089 375 2156 augegebenen
393 2089 479 2147 Sinne.
611 2087 1125 2143 44446444444444444444144414414414-

83 2160 168 2209 trabi:
193 2172 251 2209 man
270 2158 338 2210 14444
359 2160 414 2211 sich
432 2160 499 2212 ohne
517 2159 558 2212 eiu
611 2160 651 2212 uis
663 2159 735 2223 dnau,
750 2158 860 2211 sondern
873 2159 939 2211 obne
952 2159 1070 2211 weitcrss
1082 2159 1124 2210 die

52 2224 208 2278 bestimmten
226 2226 337 2292 Subjekt
354 2243 385 2280 zu
404 2228 559 2296 supplicum,
611 2227 693 2280 Sscbe
705 2227 794 2292 selbst,
813 2227 858 2279 das
872 2229 953 2279 iacta
964 2243 1064 2294 ponere
1075 2228 1124 2278 sel-

51 2292 90 2346 444
97 2294 213 2346 vondsm
221 2294 296 2347 Verb.
304 2295 468 2349 bezeichnete
475 2295 559 2348 Mand-
611 2297 672 2360 1444,
690 2295 730 2347 als
741 2296 798 2347 eine
815 2295 867 2347 ibm
879 2295 1002 2348 recbtlich
1020 2293 1126 2347 4414444-

52 2360 111 2428 long
120 2362 159 2414 als
166 2363 269 2414 absolut
278 2364 497 2429 gesetztdenkcm
509 2365 560 2416 wie
611 2363 702 2416 mande
719 2363 866 2430 verlangts‚
889 2364 939 2416 wis
957 2363 1022 2416 auclt
1040 2363 1124 2430 gleich

51 2430 113 2481 auch
124 2431 158 2481 im
168 2428 314 2482 Deutscben
322 2425 478 2498 ‘schleppen’
493 2432 561 2484 ohne
612 2430 703 2484 444444
713 2430 755 2484 die
768 2437 856 2483 tunna
868 2448 926 2498 equ.
936 2432 1009 2483 Mona.
1022 2431 1068 2484 das
1079 2448 1126 2485 uu-

52 2496 146 2563 (lbjekt
164 2498 304 2562 gebraucbt
321 2499 394 2550 wind.
613 2498 743 2551 mittelbar
761 2499 905 2564 gelorderte
923 2498 1018 2565 Objskt
1034 2500 1077 2552 ist.

82 2572 107 2617 b'.
120 2581 150 2616 eo
164 2564 288 2625 firmiora
299 2603 305 2616 .
316 2604 321 2617 .
333 2601 339 2618 .
349 2569 426 2630 qaia:
440 2565 562 2631 44444144-
647 2581 724 2630 reges
733 2566 931 2630 adpellaoisset:
941 2566 965 2618 d.
976 2567 991 2618 i.
1001 2561 1126 2619 ‘aurbus-

50 2632 129 2683 licher
152 2633 186 2683 ist
208 2633 233 2683 in
257 2632 301 2684 444
325 2631 491 2700 Verbiudung
517 2633 563 2683 mit
614 2632 1124 2699 zeichuungdeuliduigstitelvcrlielren’

51 2701 107 2753 dem
135 2697 300 2766 Komparativ
325 2701 407 2765 quom
439 2715 468 2753 so
497 2701 562 2752 aucb
615 2695 1125 2766 4444414114444344444144444144444Ἇ

51 2771 89 2832 89,
108 2771 135 2828 4;
149 2767 201 2818 Liv.
213 2772 254 2830 44,
267 2770 308 2830 33,
321 2770 336 2820 2
347 2784 378 2819 en
390 2772 478 2833 maga's
490 2771 563 2835 qaia.
615 2768 666 2835 vgl.
685 2784 715 2819 zu
729 2770 798 2833 aar.
833 2766 880 2818 Ein
899 2768 1013 2832 4444444,
1032 2769 1071 2821 ott
1082 2769 1126 2821 44-

82 2835 131 2890 65.
153 2839 173 2888 4.
192 2835 385 2887 Mastanabalis
400 2837 489 2900 libas:
508 2837 563 2888 also
614 2837 661 2889 mit
685 2835 802 2902 augleicb
825 2835 937 2888 444441444
954 2834 1023 2888 ’14441
1040 2837 1075 2889 ist
1093 2852 1125 2889 zu

52 2904 90 2955 eiu
109 2903 207 2956 Bruder
223 2902 269 2956 des
286 2903 422 2970 Jugurtha.
614 2904 667 2972 lug.
687 2908 727 2965 44,
746 2907 761 2957 2
780 2904 903 2956 erwdbnt.

83 2973 228 3023 secandam
245 2974 378 3024 tenedon:
403 2989 433 3025 so
450 2979 563 3024 nannten
648 2976 678 3023 in
695 2988 752 3024 eos:
769 2973 872 3024 beaieht
888 2972 942 3024 sich
960 2971 1005 3024 444
1019 2971 1065 3024 das
1080 2987 1126 3026 aus

53 3039 91 3091 die
115 3040 209 3093 Rbmer
232 3039 293 3105 444,
316 3041 428 3094 welches
450 3041 491 3092 444
513 3040 563 3092 444
610 3041 779 3108 praesidium
796 3040 874 3093 leicht
891 3056 923 3092 zu
941 3041 1126 3093 sntnebmende

54 3106 113 3171 4411,
132 3108 188 3160 dass
197 3108 242 3160 444
254 3110 360 3162 4444444
371 3109 436 3161 114144
448 3111 564 3176 (primus
615 3112 662 3176 que·
679 3109 820 3175 prasstdto
847 3113 943 3170 essem
969 3107 1015 3161 das
1041 3108 1128 3162 Gnate

54 3177 135 3241 44444)
153 3177 194 3229 444
206 3176 342 3230 Erbscbait
359 3178 431 3230 nicht
446 3182 563 3230 44444444
614 3177 692 3230 4444444
709 3170 760 3230 ‘die
776 3177 916 3242 lsibgarde
933 3177 1002 3243 aber,
1021 3177 1081 3230 weil
1098 3192 1127 3230 ss

56 3243 139 3296 wollte
149 3245 324 3310 4444444444,
336 3260 368 3298 an
380 3245 472 3298 desseu
482 3244 564 3298 Stella
613 3244 1129 3300 4444444444444444441444444444444·

56 3317 108 3364 4444.
149 3312 255 3380 Micipsa
280 3314 428 3367 1444444144
452 3316 563 3366 vermal-
614 3313 653 3378 dc,
668 3313 796 3377 weunsie,
809 3313 934 3365 romische
943 3312 1032 3379 1144444,
1044 3314 1128 3367 ciuem

55 3377 102 3431 lich
113 3381 253 3447 1444444444,
265 3381 329 3446 dass,
340 3396 417 3434 wenu
429 3383 500 3434 scine
518 3381 565 3433 mil
614 3381 737 3434 Mumidcr
753 3380 791 3434 als
808 3380 953 3433 Trabanten
969 3382 1127 3448 untergebcn

55 3445 564 3515 443.4144444444414444444449,34841444
614 3443 737 3502 wdrden’.
776 3489 778 3494 ,

57 3517 103 3567 444
115 3517 174 3583 Jug.
193 3517 275 3571 selbst
292 3517 358 3570 ohne
371 3517 562 3570 Nscbkommen
649 3521 673 3572 3.
690 3520 720 3568 in
744 3520 948 3583 imperatorem:
972 3519 1017 3584 pri
1068 3520 1125 3569 nter

57 3585 165 3650 44441444,
183 3585 270 3637 Gauda
288 3585 442 3638 4444114444
460 3586 564 3638 444444444-
614 3585 653 3639 414
671 3586 736 3638 nacb
754 3585 799 3638 444
816 3584 1012 3651 gewolnlienen
1047 3589 1126 3639 44444,

57 3663 110 3703 men
128 3653 219 3714 sollte;
237 3667 258 3706 s.
277 3669 309 3704 au
329 3656 368 3718 44,
387 3658 411 3706 l.
615 3657 647 3705 ab
668 3657 843 3720 inperatore,
867 3652 919 3720 vgl.
936 3653 990 3705 Liv.
1011 3657 1033 3717 4,
1052 3657 1092 3718 23,
1111 3657 1127 3707 4

88 3721 109 3772 ².
132 3724 227 3774 iacta:
257 3721 340 3788 suppl.
368 3724 564 3787 imperatorem.
615 3721 726 3773 44444444
735 3737 834 3773 numen
900 3725 1128 3774 inamoenum

57 3782 197 3854 llas-Subj.
219 3804 250 3841 au
271 3794 385 3855 poneret
407 3789 441 3841 ist
464 3789 563 3851 asnaa
614 3790 750 3841 Albanum
767 3793 947 3858 expetiturum
963 3805 1070 3857 poenas.

58 3854 103 3906 und
118 3863 239 3922 poneret,
260 3857 330 3909 444144
347 3857 392 3908 das
410 3857 565 3909 natlirlicher
650 3873 710 3908 curn
734 3873 783 3909 suo
805 3860 912 3910 aaaila'o
935 3881 970 3904 a
986 3858 1128 3922 adsumpto

58 3922 205 3978 sebeincnde
220 3927 384 3990 pennesitis·
402 3922 501 3991 liceret,
518 3926 564 3978 hat
615 3941 664 3976 aaa
681 3926 795 3978 44444Ιί4.
