2738 4576
245 213 304 276 120
617 219 644 272 6.
663 217 818 272 snmusm
837 217 939 271 GRISPl

205 406 221 456 4
242 395 314 458 isse:
330 395 474 475 populum
490 393 657 456 Romanum
673 412 771 473 neque
786 403 866 457 recte
881 411 981 474 neque
995 413 1051 474 pro
1066 393 1146 455 bono
1163 395 1310 466 facturam,

244 479 320 542 siah
335 480 399 541 iure
415 479 549 559 gentium
563 497 627 542 sese
641 479 842 559 prohibuerit:
858 488 1009 560 postremo
1026 479 1062 540 de
1078 479 1222 542 omnibus
1236 481 1310 542 rebus

207 575 221 624 5
242 567 354 645 legatos
364 565 487 626 Romam
498 565 580 626 brevi
591 565 759 626 missurum.
782 564 826 627 lta
836 566 955 644 utrique
966 564 1184 644 digrediuntur.
1211 566 1310 626 Adher·

244 651 318 713 halis
333 650 497 730 adpellandi
513 649 597 729 copia
613 669 675 711 non
691 649 754 711 luit.

192 737 230 794 66
331 735 474 815 Iugurtha
488 735 539 796 ubi
555 752 606 796 eos
621 735 717 796 Africa
734 734 894 796 decessisse
915 741 996 796 ratus
1011 742 1055 796 est
1077 752 1177 813 neque
1201 741 1311 814 propter

243 822 301 883 loci
318 829 463 892 naturam,
473 819 581 881 Cirtam
605 820 694 882 armis
716 820 886 900 erlpugnare
907 827 1013 899 potest,
1035 817 1110 880 vallo
1133 826 1228 898 atque
1249 821 1310 880 fossa

243 906 361 968 moenia
379 903 549 980 circumdat,
564 905 655 966 turris
671 904 795 966 exstruit
813 922 920 983 easque
935 903 1088 984 praesidiis
1103 905 1222 979 firmat,
1238 922 1309 984 prae-

243 1002 326 1052 terea
341 990 402 1051 dies
418 989 573 1068 noctisque
588 999 639 1052 aut
652 990 774 1070 pervim
789 997 840 1050 aut
854 989 929 1051 dolis
944 996 1098 1068 temptare,
1114 989 1310 1051 defensoribus

243 1075 395 1136 moenium
411 1074 541 1154 praemia
556 1075 643 1136 modo
660 1075 748 1137 modo
763 1073 951 1135 formidinem
975 1081 1133 1143 ostentare,
1157 1094 1233 1136 suos
1254 1075 1308 1136 bor-

206 1167 222 1217 t
243 1159 332 1220 tando
348 1159 383 1220 ad
394 1159 532 1221 virtutem
548 1161 693 1240 arrigere:
708 1179 832 1240 prorsus
842 1159 976 1222 intentus
987 1167 1095 1221 cuncta
1109 1177 1230 1240 parare.
1265 1158 1309 1218 ll-

243 1244 346 1307 herhal
360 1243 412 1305 ubi
426 1244 571 1325 intellegit
585 1246 682 1308 omnis
696 1265 763 1307 suas
774 1246 910 1306 fortunas
921 1245 952 1306 in
965 1253 1096 1306 extremo
1108 1245 1192 1320 sitas,
1208 1246 1307 1306 hosten

243 1331 398 1404 infestum,
417 1329 504 1391 auxili
518 1349 602 1410 spem
617 1331 737 1406 nullam,
753 1330 877 1412 penuria
893 1348 992 1391 rerum
1009 1329 1247 1392 necessariarum
1261 1326 1309 1388 bel·

243 1415 305 1476 lum
319 1414 395 1477 trahi
410 1433 471 1476 non
487 1434 591 1495 posse,
615 1416 721 1489 exeis,
744 1415 796 1495 qui
811 1433 870 1477 una
885 1414 995 1477 Cirtam
1013 1417 1229 1495 profugerant,
1251 1415 1308 1474 duos

243 1518 379 1562 maxume
401 1499 536 1580 inpigros
557 1501 679 1581 delegit;
709 1519 761 1562 eos
781 1501 873 1562 multa
898 1500 1066 1580 pollicendo
1088 1518 1121 1560 ac
1150 1497 1306 1562 miserando

244 1603 345 1648 casum
356 1601 442 1648 suum
458 1587 624 1662 confirmat,
639 1587 683 1648 uti
698 1604 752 1666 per
762 1586 889 1648 hostium
904 1585 1087 1647 munitiones
1097 1593 1194 1646 noctu
1206 1586 1241 1647 ad
1252 1601 1306 1664 pro·

192 1670 229 1728 24
242 1690 368 1732 *xumum
384 1689 479 1745 mare,
503 1672 571 1733 dein
586 1672 711 1733 Romam
725 1678 895 1752 pergerent.
932 1669 1075 1732 Numidae
1092 1671 1198 1750 paucis
1221 1668 1305 1731 diebus

243 1757 322 1820 iussa
342 1756 491 1832 efficiunt3
513 1757 627 1819 litterae
642 1756 815 1819 Adherbalis
836 1756 868 1816 in
891 1763 995 1818 senatu
1018 1755 1171 1829 recitatae,
1200 1767 1306 1835 quanm

243 1841 391 1903 sententia
406 1841 478 1902 haec
492 1841 561 1902 fuit:

184 1957 186 1962 ,
207 1932 221 1982 2
326 1919 405 1988 ‘Non
420 1945 486 1988 mea
498 1927 583 2006 culpa
594 1945 683 2006 saepe
694 1928 730 1989 ad
741 1943 793 1986 vos
805 1933 920 1986 oratum
930 1925 1024 1999 mitto,
1037 1932 1136 2005 patres
1148 1919 1304 2002 conscripti

244 2013 295 2074 sed
316 2012 359 2073 vis
381 2011 540 2090 iugurthae
563 2011 687 2090 subigit,
709 2028 798 2090 quern
817 2017 900 2071 tanta
921 2008 1022 2071 lubido
1045 2009 1252 2090 exstinguendi
1271 2022 1304 2066 nc

243 2096 357 2170 invasit,
380 2103 417 2156 ut
434 2112 531 2173 neque
551 2114 604 2157 vos
625 2113 723 2174 neque
738 2096 809 2156 deos
833 2095 997 2156 inmortalis
1023 2095 1054 2156 in
1082 2095 1181 2156 animo
1206 2093 1302 2158 haheat,

205 2185 220 2234 3
242 2181 417 2259 sanguinem
432 2196 532 2254 meum
548 2197 636 2258 quam
652 2180 750 2242 omnia
765 2179 856 2240 malit.
885 2180 987 2259 ltaque
1004 2180 1141 2258 quintum
1159 2181 1221 2242 iam
1234 2195 1302 2239 men·

244 2283 305 2325 sem
321 2263 420 2325 socius
435 2271 465 2323 et
480 2264 590 2326 amicus
605 2264 709 2344 populi
723 2264 850 2326 Rotnani
865 2265 953 2326 armis
972 2264 1109 2328 obsessus
1124 2274 1244 2340 teneor,
1264 2278 1303 2322 ne

244 2367 301 2428 que
316 2348 389 2409 mihi
400 2348 539 2429 blicipsae
553 2349 645 2429 patris
659 2349 717 2412 mei
729 2349 874 2412 beneficia
885 2368 984 2428 neque
998 2357 1097 2412 vostra
1107 2351 1229 2412 decreta
1238 2344 1304 2410 auxi·

277 2468 302 2520 4.
315 2480 369 2531 pro
382 2466 463 2518 bono:
476 2489 510 2509 =
522 2468 570 2532 tta,
581 2471 673 2533 utpro
685 2469 754 2520 beno
806 2465 878 2532 walt,
896 2465 963 2518 ohne
980 2464 1056 2518 llhlfe
1075 2481 1128 2518 ron
1146 2463 1302 2533 cigentlichen

243 2535 381 2600 habeatur,
399 2532 423 2586 d.
436 2534 453 2589 i.
469 2529 536 2587 ‘dafs
553 2549 612 2587 rnau
627 2534 705 2588 daran
718 2539 755 2588 et·
805 2532 1116 2601 Belagerungsanstalten.
1276 2590 1282 2610 ‘

244 2617 299 2654 was
313 2601 401 2656 'Gutes
424 2602 483 2669 hat,
505 2602 560 2656 dats
585 2619 612 2656 ee
637 2609 683 2672 gut
704 2597 755 2668 ist',
840 2601 949 2664 sormid.
962 2606 1109 2654 ostentare:
1127 2599 1262 2669 cigentlich
1283 2607 1302 2676 tf

242 2669 321 2724 daber
336 2670 481 2740 uberhaupt
498 2671 601 2726 adverb.
613 2667 684 2739 ‘gnt’3
699 2688 756 2725 uer·
804 2670 862 2724 liefs
875 2669 976 2723 Grauen
986 2684 1033 2722 vor
1051 2671 1106 2724 ihre
1117 2669 1210 2737 Augen
1227 2669 1295 2720 beten

242 2739 426 2793 sehiedenvou
438 2744 517 2803 recte,
535 2741 625 2792 uomit
637 2740 756 2792 dierich-
805 2739 830 2791 d.
848 2739 864 2790 i.
893 2733 930 2791 ‘er
954 2737 1040 2791 stellte
1063 2738 1140 2791 ihneu
1163 2737 1241 2792 durch
1264 2733 1302 2784 lr-

243 2807 295 2876 tige
318 2807 427 2860 Ansicht
447 2822 499 2859 von
522 2805 567 2859 der
590 2807 686 2874 Sache,
710 2808 755 2862 der
805 2805 887 2874 griffe,
905 2805 947 2858 die
965 2821 992 2858 er
1009 2806 1118 2872 machte,
1137 2805 1179 2860 die
1196 2797 1301 2860 Sclnecl·

241 2875 349 2943 richtige
379 2873 465 2926 Grund
497 2874 567 2927 einer
595 2873 756 2942 llandlungs-
806 2874 888 2937 nisse,
917 2874 1017 2926 welche
1042 2875 1107 2928 uach
1130 2871 1302 2943 vergehlicbeu

245 2944 323 2996 weise
341 2940 492 2994 bezeichnet
508 2941 596 3003 uird.v
805 2941 969 2994 Widerstand
986 2943 1050 2995 uber
1068 2943 1106 2996 sle
1118 2941 1238 2996 hominen
1249 2940 1302 2991 udr-
1330 2971 1333 2988 .

276 3015 299 3063 5.
324 3012 402 3076 eopia
422 3024 477 3060 non
498 3008 564 3071 fuit:
587 3009 625 3063 sie
649 3009 755 3063 wurden
806 3009 870 3074 den,
893 3009 920 3060 in
937 3005 1074 3072 hussicht‘3
1097 3012 1150 3078 agl.
1174 3015 1216 3076 66,
1232 2999 1301 3062 211111

241 3092 293 3130 uon
310 3076 369 3144 Jug.
387 3076 541 3129 verbindert.
806 3078 847 3131 die
869 3093 973 3130 unserer
993 3077 1074 3132 Stella
1099 3079 1234 3132 hhnlichen
1255 3072 1302 3127 abet

276 3141 323 3200 28.
349 3147 370 3198 1.
389 3146 443 3196 loce·
458 3150 596 3197 naturam:
621 3145 663 3200 die
681 3144 756 3200 Stadt
806 3145 897 3199 anders
914 3146 1083 3214 gemendeten
1101 3149 1142 3212 66,
1162 3149 1173 3199 1
1191 3164 1216 3200 ιι.
1234 3146 1270 3207 89,
1287 3141 1301 3188 l·

242 3212 306 3279 liegt
332 3211 378 3265 auf
401 3212 484 3265 ciuem
512 3212 649 3267 senhrecht
678 3215 755 3281 abge·
836 3230 964 3282 proram:
984 3229 1016 3267 zu
1035 3215 1089 3266 (lat.
1110 3217 1149 3280 16,
1168 3219 1192 3270 6.

242 3280 404 3334 schuittenen
425 3295 485 3333 vom
510 3280 627 3336 llummel
649 3283 756 3336 umflos-
840 3285 864 3335 2.
877 3276 1301 3346 confirmau‘hraobtesiozuten

242 3363 322 3402 senen
338 3347 495 3415 llalkielsen,
515 3351 628 3403 welcher
645 3366 693 3403 nnr
710 3365 754 3418 ge·
804 3352 918 3418 mutigen
936 3343 1100 3404 Eutsehluls'.
1164 3403 1167 3407 .

241 3415 398 3538 ignenVeibiiiri
417 3417 464 3470 mlt
488 3418 558 3538 pirggr
580 3419 663 3538 nahhgn
680 3417 753 3539 {⁶¹¹⁰
803 3433 1001 3537 mmmm
1021 3433 1120 3540 mar-md
1131 3412 1300 3541 cupierstfieaebregn

242 3556 316 3606 sonst
333 3501 684 3608 ι“11)ιειιιιῙΙῗείιιεεθῑείΙίιιΨ111ιιιιὲι1
697 3503 754 3608 riceii
803 3501 855 3606 sacre
865 3502 949 3608 :popm
968 3501 1094 3608 humiliis
1111 3503 1170 3620 isti,
1185 3501 1236 3607 aiud
1252 3511 1301 3602 1111Ῐ

241 3621 342 3683 erhebt;
365 3621 405 3673 ihr
426 3621 547 3676 hochstet
567 3622 667 3690 Punht,
684 3625 754 3688 jetzt
803 3622 870 3675 liche
888 3620 1018 3676 bekannte
1034 3621 1193 3676 husdrdelre.

241 3688 365 3742 (litadelle
382 3687 498 3757 llasbah,
521 3691 585 3758 liegt
607 3693 673 3745 2100
691 3691 752 3745 fuls
837 3688 885 3746 24.
902 3692 927 3744 2.
944 3692 1057 3756 subigit:
1076 3691 1129 3744 Get.
1151 3694 1190 3755 10,
1208 3695 1231 3745 5.

239 3757 303 3810 tiber
314 3755 392 3824 llleer,
410 3760 460 3812 800
477 3758 546 3811 uber·
558 3759 616 3812 dem
628 3759 753 3813 llufathnl
838 3761 862 3812 3.
879 3761 967 3810 coctus
984 3762 1036 3811 etc:
1055 3773 1087 3811 m
1107 3762 1146 3824 14,
1166 3761 1189 3814 2.

242 3826 316 3891 (nach
334 3825 423 3891 Gless).
837 3827 977 3891 beneficia:
990 3826 1101 3880 ufmlich
1112 3830 1142 3879 c'n
1154 3823 1299 3894 Iugurtham

275 3897 371 3948 arnob:
398 3894 478 3948 durch
499 3893 583 3949 hlofse
606 3893 752 3962 wallenge-
803 3895 910 3952 collata.
945 3894 1003 3962 Vgl.
1023 3898 1063 3961 14,
1081 3898 1106 3951 9.
