2776 4574
243 298 284 361 28
621 299 647 352 C.
667 297 822 352 suutusul
841 297 942 352 uutsut

204 487 223 537 t
240 473 351 536 Verum
366 471 407 533 illi
418 471 540 533 delubra
551 470 675 532 deorum
688 471 807 552 pietate,
822 473 926 534 domos
936 490 1004 534 suas
1018 471 1113 550 gloria
1128 472 1328 548 decorabant,

206 570 221 620 5
243 575 342 638 neque
357 555 439 618 victis
455 556 613 636 quicquam
627 566 745 635 praeter
765 555 892 618 iniuriae
905 557 1055 618 licentiam
1076 557 1251 638 eripiebant.
1286 561 1329 620 At

241 644 273 706 hi
288 650 393 704 contra
406 641 596 721 ignavissumi
611 641 747 703 homines
763 659 817 722 per
832 661 980 704 summum
997 641 1093 704 soclus
1105 643 1205 705 omnia
1220 661 1255 704 ea
1272 663 1328 705 so·

243 729 297 791 ciis
311 727 456 803 adimere,
478 745 554 808 quae
574 726 736 788 fortissumi
751 725 804 788 viri
826 727 952 789 victores
972 727 1168 806 reliquerant:
1191 727 1328 807 proinde

190 819 229 877 1e
247 812 331 893 quasi
345 813 484 874 iniuriam
498 813 596 874 iacere
610 812 638 873 id
654 812 773 873 dentum
787 820 866 874 esset
880 812 1005 892 imperio
1020 811 1072 874 uti.
1108 812 1182 873 Nam
1197 812 1271 891 quid
1289 833 1327 874 ea

243 917 415 973 memorem,
431 915 506 978 quae
522 897 579 959 nisi
593 896 635 960 eis
650 897 702 976 qui
716 895 815 958 videre
830 897 944 960 nemini
958 895 1108 958 credibilia
1124 905 1209 972 sunt,
1225 899 1327 977 apri·

207 994 222 1045 t
242 984 315 1046 vatis
329 982 533 1063 compluribus
553 981 712 1044 subversos
727 981 851 1058 montis,
872 983 963 1043 maria
977 990 1127 1044 constrata
1142 999 1216 1044 esse.
1246 981 1328 1054 Qui·

245 1068 301 1131 bus
317 1069 387 1132 mihi
402 1069 540 1130 videntur
553 1067 682 1130 ludibrio
697 1067 787 1129 luisse
798 1065 930 1128 divitiae:
952 1067 1078 1146 quippe,
1100 1085 1173 1146 quas
1192 1068 1327 1130 honeste

208 1163 222 1214 ³
244 1153 355 1216 hahere
370 1153 491 1228 licebat,
507 1153 588 1214 abuti
603 1171 657 1233 per
671 1152 884 1232 turpitudinem
899 1151 1109 1230 properabant.
1145 1151 1204 1213 Sed
1217 1152 1326 1214 lubido

245 1237 342 1318 stupri
356 1257 468 1319 ganeae
483 1239 633 1317 ceterique
649 1239 746 1298 cultus
761 1255 822 1298 non
838 1236 937 1298 minor
951 1237 1128 1307 incesserat:
1144 1237 1197 1297 viri
1213 1237 1327 1299 mulie·

244 1323 309 1384 lria
317 1323 386 1404 pati,
398 1323 537 1385 mulieres
549 1321 720 1402 pudicitiam
731 1319 762 1382 in
773 1322 931 1401 propatulo
942 1321 1070 1397 habere;
1081 1322 1219 1383 vescendi
1231 1341 1327 1386 causa

245 1419 322 1470 terra
342 1408 475 1487 marique
496 1407 594 1468 omnia
610 1406 780 1485 exquirere:
801 1406 931 1468 dormire
951 1407 1034 1487 prius
1050 1424 1138 1487 quam
1153 1408 1251 1468 somni
1267 1426 1327 1468 cu-

245 1493 315 1572 pido
330 1501 423 1567 esset,
444 1509 506 1553 non
521 1492 629 1553 tamem
651 1499 701 1552 aut
715 1492 792 1553 sitim
817 1509 915 1572 neque
936 1493 1031 1571 frigus
1052 1510 1150 1570 neque
1172 1490 1326 1554 lassitudi-

206 1587 222 1637 4
245 1595 311 1638 nem
327 1576 474 1656 opperiri,
496 1576 596 1638 scd'ca
612 1576 711 1638 omnia
731 1577 803 1639 luxu
817 1585 1003 1656 antecapere.
1033 1576 1112 1637 Haec
1126 1577 1327 1654 iuventutem,

217 1691 289 1744 ‘teil
318 1690 388 1758 prole
412 1690 467 1755 (der
507 1691 599 1756 tolete,
630 1692 676 1744 aul
697 1692 754 1746 dem
841 1696 866 1745 3.
884 1695 965 1744 ceteri
982 1708 1030 1744 uc:
1048 1708 1080 1745 zu
1098 1695 1140 1758 23,
1158 1695 1181 1744 6.

244 1758 352 1828 Capitol,
368 1757 476 1810 maisitn
487 1705 612 1827 datange
625 1758 755 1828 t¹laStad
841 1761 942 1813 mattae:
965 1709 1024 1812 liter
1047 1759 1092 1812 der
1114 1757 1237 1826 lnbegrill
1257 1759 1328 1814 aller

242 1851 277 1874 =
289 1830 337 1881 247
351 1828 404 1891 m),
423 1827 531 1880 stenden
548 1828 615 1881 doch
629 1827 679 1882 den
696 1831 755 1898 spd·
805 1829 918 1896 dppigen
935 1828 987 1880 und
999 1827 1039 1880 bis
1051 1843 1108 1879 zum
1124 1827 1327 1882 unnata'ulichen

244 1898 300 1947 tern
322 1893 508 1949 Privetbauten
532 1911 565 1949 en
587 1896 676 1950 Grdlse
702 1896 755 1950 und
806 1896 976 1948 verleicerten
994 1895 1117 1948 decussa.

243 1961 337 2015 Pracht
354 1962 396 2016 bei
414 1964 517 2017 weitetn
536 1965 608 2017 nach.
840 1969 915 2014 terra
932 1967 1054 2031 marique
1076 1980 1144 2016 omn.
1163 1965 1327 2029 euqrcc'rcrc:

277 2034 301 2085 t.
325 2047 429 2096 aarum,
453 2032 625 2101 emphatisch:
647 2031 755 2084 meinet-
805 2031 889 2097 einigc
905 2031 1006 2083 solchcr
1021 2031 1203 2084 Leckcrbissen
1216 2031 1327 2084 werden

242 2099 758 2220 liiiiollillllllilallllllfll‘
807 2097 1092 2221 llll⁰lll⁸lldl·“·
1106 2103 1179 2219 tt:
1194 2100 1328 2219 llll?

276 2207 625 2290 13.1.a'nan·aaanarata:
644 2235 756 2287 nimliclt
808 2235 929 2302 Phrygia
947 2183 1182 2302 damoclem:
1200 2207 1328 2301 Melicae:

242 2304 356 2356 malibus
368 2305 482 2369 iniectis,
501 2304 551 2356 wie
570 2317 597 2355 es
610 2306 650 2366 20,
667 2306 695 2355 lt
711 2320 756 2354 cu·
808 2303 1233 2368 meameaAmuraua,palamu
1244 2302 1328 2354 cuat-

243 2374 439 2422 :tramam
457 2370 550 2431 hellel:
575 2370 627 2436 rgl.
646 2368 713 2422 Vell.
732 2373 756 2436 2,
808 2371 927 2435 cadente,
944 2385 1073 2421 muraena
1095 2367 1227 2434 Tartesia,
1243 2371 1329 2422 asella·

244 2441 275 2491 33
298 2455 375 2505 quem
401 2439 564 2504 (Lucullum)
588 2440 619 2490 ab
644 2441 757 2489 iniecta:
808 2439 982 2502 Ρσααίπαπίίί,
1006 2441 1095 2487 ostrea
1116 2433 1239 2500 Tarenti,
1261 2454 1328 2502 pec-

243 2507 320 2558 molis
337 2510 409 2559 mari
433 2511 459 2558 et
482 2511 617 2573 receptum
634 2506 756 2569 suffossi:
808 2506 933 2556 leunculus
949 2503 1063 2568 (Ullius),
1085 2499 1175 2568 delopc
1192 2501 1328 2572 llloda'ua,

242 2577 377 2626 montibu:
394 2578 424 2626 tu
437 2579 525 2628 terras
536 2587 610 2626 marc
624 2575 698 2626 laud
714 2577 756 2625 in·
807 2575 881 2625 scari
891 2573 994 2637 Cilices,
1004 2586 1085 2623 aucas
1097 2569 1218 2636 Thasiae,
1226 2573 1326 2637 palma

241 2641 329 2704 faceta
346 2642 461 2708 Magnus
483 2644 623 2710 Pompeius
641 2643 756 2695 Xerxem
807 2641 952 2708 Aegyptia,
966 2640 1048 2706 glana
1065 2641 1199 2691 Hiberica.

244 2715 365 2776 togatum
374 2726 470 2762 cacare
479 2711 647 2764 adsueuerat.
663 2708 757 2764 Solclte
843 2725 873 2760 ea
883 2712 973 2761 omnic
987 2709 1055 2760 lucu
1065 2712 1237 2774 antecapere:
1251 2707 1326 2760 nian-

242 2778 347 2832 ll'amnre
370 2778 476 2832 dienten
500 2779 558 2833 teile
582 2795 628 2832 zur
647 2777 757 2832 naueh·
807 2777 860 2830 lici:
878 2777 926 2830 den
944 2777 1052 2844 Appetit
1075 2775 1155 2828 durch
1172 2773 1321 2828 Reizmittel

244 2863 309 2914 mng
321 2845 505 2912 ventiliacum,
518 2846 577 2900 tells
589 2863 621 2900 zu
634 2847 679 2899 der
691 2848 756 2900 eben
808 2845 871 2898 aller
888 2845 946 2910 Art,
968 2859 1045 2911 cogar
1069 2842 1150 2895 durch
1167 2843 1323 2896 absichtlich

242 2913 754 2981 nachVellangedeutetendnlagevon
807 2911 1028 2979 herbeigeidhrtes
1062 2910 1215 2966 Erbrechen.
1259 2909 1321 2964 Seu.

242 2983 345 3049 grolseu
357 2983 479 3048 Toronen,
496 2981 653 3034 namentlich
667 2981 756 3033 Fiseh-
807 2981 882 3034 Cone.
896 2979 927 3032 ed
939 2979 1040 3033 llelv.9
1058 2984 1170 3032 oemunt
1184 2983 1217 3029 ut
1231 2979 1321 3045 ouant,
1383 2993 1384 3038 t

242 3051 384 3113 aetutem,
404 3049 502 3103 welche.
520 3049 602 3102 selbst
619 3049 755 3101 bisweilen
807 3049 890 3100 edunt
906 3053 938 3098 ut
954 3051 1071 3114 vomant,
1094 3052 1120 3099 et
1137 3047 1235 3118 epulas,
1253 3062 1324 3113 quas
1383 3039 1384 3052 ¹

242 3117 367 3184 genadezu
390 3121 480 3169 macta
503 3120 615 3184 genennt
638 3115 754 3178 werden:
807 3121 862 3168 toto
880 3117 943 3167 orte
961 3119 1137 3182 conquirunt,
1160 3131 1209 3168 nec
1227 3129 1323 3166 canco-

142 3227 146 3232 .
241 3182 363 3252 uplllal.
376 3183 444 3238 atax.
457 3189 482 3252 9,
497 3191 518 3250 1,
535 3189 544 3237 l
561 3185 682 3250 ἐνίσπω.
695 3184 756 3236 Scr-
808 3199 889 3252 querc
902 3185 1062 3250 cananeum
1075 3182 1177 3236 lldhlun
1213 3181 1323 3235 uudEr·

239 3254 304 3319 gius
328 3253 439 3319 Orata),
461 3254 585 3306 videlicet
606 3269 639 3304 aa
660 3253 755 3318 gulam
808 3251 922 3319 mudung
945 3251 1101 3305 namentlich
1125 3250 1171 3303 dur
1227 3247 1322 3315 Bauer,

241 3319 362 3388 Neptuni
378 3323 494 3374 arbitrio
513 3323 660 3372 subtectam
677 3321 756 3372 tabe·
808 3321 863 3384 die,
894 3320 921 3371 in
945 3321 1033 3386 jenem
1060 3317 1143 3371 Klima
1170 3317 1322 3385 notwendig

241 3392 290 3454 ret,
303 3389 458 3455 peculiaria
474 3391 527 3440 aa'tt
542 3391 630 3440 maria
649 3391 757 3454 cacoga'·
808 3388 859 3441 und
872 3388 958 3441 lnther
975 3387 1075 3440 einiach
1103 3386 1215 3438 nachher
1226 3385 1323 3439 hdchst

242 3459 319 3521 tacit,
337 3458 529 3523 aestuarium.
541 3458 756 3523 apiaciaismc-
807 3457 921 3510 luxurio:
940 3471 1042 3508 waren:
1079 3455 1231 3520 rigidaria,
1255 3457 1322 3518 tept-

240 3528 362 3591 ritumis,
389 3541 504 3592 quarum
530 3541 602 3592 aqua
627 3527 755 3577 continue
807 3525 899 3590 daria,
922 3525 1053 3577 caldaria.
1093 3521 1155 3574 Zum
1179 3519 1320 3575 Gedanlten

241 3595 324 3644 muria
342 3598 417 3645 aestu
434 3595 661 3660 reciprocantur)
674 3596 756 3644 later-
807 3593 860 3658 vgl.
883 3591 947 3643 lien.
966 3589 1041 3646 Mem.
1061 3593 1084 3656 5,
1105 3594 1127 3653 l,
1146 3591 1178 3643 30
1197 3587 1321 3656 (Episode

242 3662 364 3727 ctptmdc
386 3663 500 3728 lluctau,
522 3663 692 3728 pisciumque
715 3662 755 3713 di·
806 3675 858 3712 von
870 3659 994 3711 llereldee
1011 3674 1051 3711 arn
1065 3656 1257 3724 Scleidewegc,
1276 3672 1320 3710 wo

241 3745 331 3781 uuae:
353 3744 451 3795 grege:
483 3732 616 3797 separati:
641 3729 755 3781 molitu:
807 3726 848 3779 die
868 3719 961 3800 Ἀρετὴ
985 3725 1030 3778 der
1055 3729 1144 3778 Κακία
1166 3724 1245 3806 deig}
1262 3740 1320 3777 vor-

241 3797 417 3864 includcndo,
444 3799 574 3850 utnulla
597 3803 653 3849 tam
674 3813 754 3849 caeca
806 3795 882 3858 haltlz
910 3786 967 3860 ἥτις
987 3789 1052 3846 οὐδὲ
1074 3789 1206 3859 τὴντῶν
1230 3786 1321 3858 ηδεάν

242 3869 381 3936 tempestas
396 3866 536 3930 incideret,
555 3881 608 3932 qua
621 3881 675 3917 aaa
690 3865 755 3917 Ora·
806 3861 960 3929 ἐπιθυμίαν
982 3859 1136 3930 ἀναμένεις,
1160 3855 1228 3912 ἀλλὰ
1252 3863 1320 3927 πρίν

241 3939 286 3986 tce
306 3949 409 3986 melmae
432 3935 564 3986 uarietate
587 3933 755 3996 serculorum
806 3929 977 3997 ίπιθνμῆσαι
989 3927 1105 3983 πάντων
1117 3924 1317 3996 ἐμπίμπλασαι,

242 4003 420 4055 abundarent.
807 4000 874 4067 πρὶν
890 3999 941 4066 μὲν
961 3998 1060 4064 πεινῆν
1081 3995 1226 4060 ἐσθίουσα,
1251 3997 1319 4066 πρὶν
