2710 4580
274 289 334 351 198
546 325 551 334 ·
646 291 673 343 C.
691 287 847 343 snmusrr
865 285 967 342 cursil

268 467 369 529 animo
380 485 444 542 suo,
457 465 647 526 omitteretne
657 465 819 545 inceptum,
835 465 976 543 quoniam
988 466 1096 526 irnstra
1107 471 1183 537 erat,
1199 481 1237 524 an
1247 463 1327 524 touu·
1343 463 1344 540 j

229 562 246 613 t
265 571 334 616 nam
347 551 545 631 opperiretur,
558 568 616 629 qna
627 568 714 633 saepe
726 567 870 630 prospere
881 568 953 612 usus
964 551 1068 612 iuerat.
1091 548 1176 620 Quae
1188 565 1256 609 cnm
1264 548 1328 608 rnrd·

266 635 313 699 tos
323 636 387 698 dies
397 636 554 714 noctisque
562 644 699 698 aestuans
710 635 842 715 agitaret,
855 637 931 696 forte
943 635 1061 714 quidam
1073 633 1175 714 Ligus,
1188 653 1224 694 ex
1236 635 1328 694 cohor-

265 721 345 784 tibus
361 721 520 783 auxiliariis
534 721 619 782 miles
634 721 801 800 gregarius,
824 720 928 782 castris
948 729 1087 799 aquatum
1109 737 1249 798 egressus
1263 717 1327 780 haud

264 805 420 888 proculab
435 807 526 867 latere
542 806 667 880 castelli,
687 805 767 884 qnod
788 823 926 868 avorsum
947 803 1163 886 proeliantibus
1178 812 1256 879 erat,
1275 803 1326 864 ani-

263 909 347 954 mum
368 891 494 953 advortit
515 891 595 952 inter
615 907 683 952 saxa
704 891 837 971 repentis
858 891 987 967 cocleam
1014 908 1139 971 quarum
1161 907 1232 950 cum
1252 906 1327 949 unam

265 986 354 1058 atque
369 976 500 1050 alteram,
517 977 585 1037 dein
601 977 702 1056 plnres
713 985 838 1056 peteret,
853 977 950 1038 studio
962 977 1082 1055 legundi
1093 975 1237 1055 paulatim
1248 991 1325 1054 prope

229 1072 244 1122 t
265 1061 302 1124 a‘d
317 1080 464 1124 summum
479 1062 591 1123 montis
605 1079 742 1140 egressus
757 1070 811 1124 est.
841 1061 897 1122 Ubi
911 1070 1068 1142 postquam
1088 1060 1277 1123 solitudinem
1290 1060 1325 1118 in·

264 1145 384 1220 tellexit,
397 1163 480 1207 more
491 1145 593 1226 ingeni
602 1147 725 1207 humani
737 1146 845 1226 cupido
855 1146 984 1210 dililcilia
995 1146 1124 1208 faciundi
1136 1146 1324 1208 animumvor·

229 1241 245 1292 4
265 1232 309 1294 tit.
339 1231 377 1292 Et
391 1232 469 1292 forte
483 1231 513 1292 in
529 1250 564 1292 eo
581 1231 647 1292 loco
663 1232 783 1311 grandis
797 1231 853 1293 ilex
869 1231 1019 1293 coaluerat
1033 1232 1112 1293 inter
1126 1246 1206 1306 saxa,
1221 1230 1323 1311 paulun

265 1317 353 1378 modo
365 1333 470 1396 prona,
482 1315 589 1376 deinde
600 1313 709 1377 inllexa
720 1327 808 1397 atque
819 1325 905 1378 ancta
916 1318 946 1378 in
956 1317 1149 1392 altitudinem,
1162 1335 1224 1395 quo
1235 1322 1324 1376 cuncta

265 1401 452 1482 gignentium
463 1410 568 1462 natura
578 1401 654 1478 iert;
670 1404 755 1464 euius
766 1402 855 1463 ramis
866 1402 964 1477 modo,
980 1404 1069 1463 modo
1081 1401 1280 1464 eminentibus
1289 1417 1324 1459 sa·
1344 1403 1345 1484 l

264 1487 309 1548 xis
325 1487 408 1550 nisus
424 1485 514 1566 ligus
529 1486 560 1548 in
577 1486 688 1549 castelli
702 1487 856 1567 planitiem
871 1487 1014 1568 pervenit,
1031 1487 1111 1566 quod
1125 1487 1230 1548 cuncti
1239 1484 1324 1547 Numi·
1344 1485 1345 1564 i

229 1580 244 1630 t
265 1570 319 1633 dae
334 1572 442 1634 intenti
453 1571 668 1651 proeliantibus
680 1572 811 1635 aderant.
837 1572 1005 1652 Exploratis
1015 1572 1166 1647 omnibus,
1184 1591 1257 1651 qnae
1270 1586 1324 1630 nor
1344 1569 1345 1584 ³

263 1657 331 1720 usui
341 1659 406 1718 iore
417 1656 553 1733 ducebat,
570 1657 669 1719 eadem
682 1658 857 1738 regreditur,
873 1676 936 1718 non
947 1666 1067 1733 temere,
1083 1657 1127 1720 nti
1138 1657 1322 1724 adscenderat

226 1749 242 1800 6
265 1741 317 1804 s'ed
338 1750 488 1823 temptans
509 1743 610 1804 omnia
631 1752 661 1804 et
674 1743 926 1823 circumspiciens.
954 1743 1056 1823 ltaque
1071 1742 1201 1804 llarinm
1215 1757 1322 1822 propere
1344 1771 1345 1776 κ

265 1827 333 1902 adit,
350 1837 414 1890 acta
429 1829 542 1903 edocet,
557 1829 704 1905 hortatur,
719 1829 755 1890 ab
770 1847 804 1889 ea
819 1836 912 1908 parte,
928 1844 987 1910 qua
996 1828 1061 1908 ipse
1073 1828 1272 1900 adscenderat,
1285 1843 1324 1884 ca·

229 1919 244 1969 't
266 1912 383 1974 stellnm
399 1921 524 1993 temptet
529 1931 537 1989 ;
553 1913 710 1993 pollicetur
725 1933 789 1976 sese
805 1911 921 1974 itineris
935 1914 1119 1994 periculique
1134 1913 1250 1974 ducem.
1275 1909 1323 1970 lla·

264 1997 327 2059 rim
342 2016 410 2059 oum
426 1997 535 2076 Ligure
549 2000 693 2078 promissa
711 2000 775 2061 eins
789 1998 943 2078 cognitum
964 2017 999 2059 ex
1014 1999 1224 2078 praesentibus
1245 1994 1322 2066 misit;

263 2081 392 2161 quorum
405 2082 449 2142 uti
464 2084 608 2162 cuiusque
623 2085 778 2162 ingenium
793 2091 873 2157 erat,
895 2083 936 2144 ita
958 2102 1021 2146 rem
1041 2083 1193 2148 difficilem
1206 2092 1256 2146 ant
1267 2077 1322 2141 faei-

225 2175 241 2226 8
261 2168 321 2228 lem
335 2166 525 2244 nuntiavere3
542 2169 672 2230 consulis
688 2169 804 2231 animus
818 2177 917 2230 tamen
933 2169 1054 2248 paulurn
1066 2179 1212 2230 arrectus.
1239 2168 1321 2243 ltaque

116 2267 168 2321 *u
215 2255 219 2263 '
262 2271 298 2314 en
312 2253 398 2332 eopia
410 2252 576 2313 tubicinum
587 2261 617 2314 et
628 2254 816 2316 cornicinum
828 2271 954 2316 numero
967 2255 1100 2333 quinque
1112 2271 1203 2334 qnam
1217 2249 1320 2314 velocis·

262 2353 363 2398 ulmos
374 2335 492 2416 delegit,
508 2346 538 2398 et
547 2355 615 2398 cum
624 2339 677 2415 eis,
688 2340 834 2419 praesidio
847 2339 898 2421 qui
910 2341 1018 2415 forent,
1034 2347 1178 2420 quattuor
1189 2334 1320 2400 centurio·

296 2470 321 2522 2.
338 2471 475 2521 uerutum:
493 2484 545 2522 von
563 2470 608 2522 der
622 2471 773 2540 nnrnhigen,
825 2473 867 2524 bei
885 2471 945 2526 Tae.
963 2472 1028 2524 Anu.
1047 2475 1071 2536 3,
1090 2475 1120 2525 35
1139 2474 1217 2540 quod
1226 2466 1321 2537 (pauor)

262 2536 316 2589 aui·
343 2537 395 2590 und
422 2538 599 2605 nbwogenden
623 2539 774 2614 Gemdtsbe
824 2545 921 2592 cuneta
940 2556 1067 2593 morarum
1080 2541 1272 2608 adprinm'pom
1281 2536 1322 2586 rci-

262 2619 415 2726 welgpip'gffl
432 2676 562 2727 advortit:
581 2672 634 2742 hat,
650 2645 774 2729 indieser
827 2614 992 2742 commit,
1013 2677 1087 2743 quod
1102 2679 1199 2727 cuncte·
1215 2678 1273 2727 ete:
1292 2663 1321 2746 ‘et
1345 2721 1346 2750 ,

260 2746 411 2808 getrenuten
434 2743 523 2808 Form,
546 2758 595 2797 nur
619 2745 675 2798 lrier
697 2747 773 2798 einen
824 2743 944 2811 gelangte
966 2747 1146 2811 ungestort
1168 2744 1257 2804 dultin,
1273 2733 1320 2788 wel
1345 2755 1346 2772 ι

260 2809 399 2864 Accusativ
416 2811 458 2864 bei
476 2812 539 2864 sich.
824 2812 874 2865 alle
887 2807 943 2865 etc.³
972 2810 1167 2864 Ausidlrrlicher
1179 2814 1214 2864 ist
1225 2811 1263 2862 die
1273 2806 1321 2858 llar-

295 2893 416 2944 egreerue
433 2884 485 2930 eet:
504 2895 535 2931 zu
553 2882 595 2944 60,
614 2882 638 2934 6.
824 2879 938 2946 stellung
955 2882 1025 2945 94,3

294 2947 319 3000 8.
337 2963 411 2998 more
428 2951 523 3012 ingeni
539 2948 661 2998 dammi:
684 2947 773 3000 winde
858 2951 967 3000 intenti:
997 2948 1112 3009 absolnt;
1139 2943 1320 3013 praecanam

260 3014 316 3067 sich
333 3015 441 3067 leichter
458 3015 505 3066 mit
522 3013 580 3065 dem
594 3013 655 3066 Satn
672 3017 774 3068 verbin-
823 3033 855 3070 zu
874 3016 990 3068 aderant
1005 3016 1120 3083 geldrig.

260 3081 324 3143 den,
346 3097 423 3134 wenn
440 3081 486 3134 das
502 3079 624 3134 Pridilrat
645 3088 715 3136 etun
731 3087 773 3134 io·
857 3087 881 3137 6.
901 3084 1203 3150 quo...adrcendernt:
1221 3096 1274 3134 nnn
1289 3075 1320 3127 ln·

259 3150 418 3210 erritorium
432 3147 530 3201 Sallust
538 3150 703 3218 inherspringt
712 3149 773 3204 aber
824 3151 923 3204 dikativ
938 3151 992 3218 rgl.
1009 3152 1063 3204 Cat.
1081 3155 1122 3216 27,
1140 3155 1165 3205 4.

260 3216 330 3268 dieue
352 3218 468 3283 Anssage
492 3216 544 3269 und
567 3217 624 3284 iugt
646 3218 708 3272 lrurn
731 3235 773 3272 so·
857 3223 882 3272 i.
906 3237 941 3271 ex
964 3223 1150 3287 praesentitur
1170 3221 1256 3272 misit:
1276 3209 1318 3276 vil·

260 3283 344 3350 gleich
372 3283 419 3336 dns
448 3284 507 3337 dem
533 3284 673 3339 Godanlren
704 3289 771 3340 nach
821 3287 882 3340 Tac.
900 3287 966 3340 Ann.
988 3293 1010 3352 1,
1022 3291 1054 3340 m
1074 3291 1169 3339 cecum
1185 3303 1239 3340 nou
1254 3278 1318 3335 modo

260 3349 350 3404 weiter
361 3350 481 3419 fulgendo
493 3355 539 3419 [et]
551 3357 637 3406 curtat
646 3354 671 3407 d.
681 3355 698 3406 i.
711 3348 770 3422 ‘gab
822 3356 928 3424 epieto,
941 3356 988 3408 red
995 3357 1125 3408 militium
1137 3362 1163 3407 et
1171 3353 1319 3408 emortum·

260 3419 357 3472 seluern
369 3419 441 3473 Geist
459 3421 516 3474 eine
528 3423 621 3475 undere
633 3417 769 3490 Richtnng’
855 3428 879 3477 8.
897 3439 1008 3476 numero
1026 3428 1154 3491 quinque:
1179 3425 1229 3476 wie
1249 3421 1285 3482 53,
1300 3416 1319 3464 l-

260 3501 308 3553 nn,
332 3487 439 3542 sodale
463 3505 515 3542 nun
534 3490 591 3543 dem
609 3490 687 3544 Sinne
705 3493 771 3544 nnclr
855 3494 903 3560 qni
917 3491 1020 3553 forent:
1045 3492 1091 3545 nui
1108 3507 1169 3544 eum
1186 3496 1224 3544 ets
1240 3503 1269 3540 nu
1284 3485 1319 3534 bt

256 3557 318 3622 jene
334 3555 424 3609 Worte
441 3556 520 3610 niher
536 3559 584 3611 mit
602 3560 698 3625 crepido
717 3559 771 3622 dif-
821 3560 923 3622 ziehen3
943 3560 986 3613 der
998 3560 1085 3624 Lente,
1104 3561 1145 3613 die
1162 3576 1196 3613 an
1210 3560 1253 3613 der
1263 3550 1319 3604 hals-

257 3623 344 3686 tioite'o
361 3623 489 3686 faciundi
512 3626 551 3678 als
568 3627 615 3679 mit
632 3627 690 3680 dem
708 3626 772 3680 Ver·
821 3625 981 3682 brechenden
1011 3627 1134 3681 Kletterei
1168 3626 1318 3681 teilnalrmen

258 3692 320 3744 bum
337 3695 421 3744 vortit
444 3694 471 3745 in
488 3692 654 3762 Verbindung
670 3697 770 3751 stetten.
821 3693 935 3749 konnten
949 3713 996 3749 nur
1008 3711 1073 3763 ganz
1086 3697 1188 3764 menige
1199 3696 1260 3754 sein,
1276 3681 1318 3738 tud

293 3763 317 3814 4.
327 3756 769 3830 coaluerat2‘wariestgewachsen,
820 3763 891 3816 dione
913 3763 1016 3817 dienteu
1039 3779 1086 3817 nur
1106 3779 1152 3817 rur
1168 3760 1317 3832 uenenum,

258 3821 471 3897 cingerrnclrsen.²
821 3831 1020 3885 solltenlreinen
1033 3816 1321 3900 venationigennngnff

290 3902 474 3966 mentium:
487 3913 518 3951 nu
531 3901 610 3964 '19‚6;
623 3897 668 3952 der
679 3899 769 3953 Genet.
821 3899 972 3966 ansidhren,
996 3901 1057 3953 uber
1078 3899 1163 3964 wohl,
1191 3912 1262 3951 wenn
1283 3890 1317 3942 ‘11⁰

256 3982 290 4019 zu
303 3971 400 4020 cuneta
412 3967 482 4033 (dee.
494 3964 573 4035 Plur.)
585 3968 700 4035 gehdiig,
718 3969 769 4020 urie
820 3967 893 4020 idnle
904 3968 1003 4022 bliesen
1021 3971 1074 4035 (94,
1086 3969 1121 4036 5,)
1138 3969 1188 4022 den
1198 3959 1317 4021 neuneu·
