2766 4568
411 906 463 969 EX
486 907 516 970 C.
540 905 723 972 slluus‘ss
745 904 868 968 culsrl
891 905 1157 970 fflsuoullrtuu

666 1038 761 1092 uultu
779 1039 899 1094 TERTIO

292 1135 460 1248 deluo
489 1158 524 1248 e.
549 1157 693 1244 urum
718 1157 866 1244 mom
892 1157 1085 1244 romulu
1110 1157 1276 1244 reuera

666 1315 716 1377 lu
737 1315 900 1378 PLEBEM.

536 1447 610 1516 (illst
620 1451 710 1518 lmgm.
720 1453 744 1516 3,
754 1453 786 1504 82
795 1453 849 1516 (81)
858 1449 900 1504 Κι.
911 1453 935 1517 3,
944 1453 975 1504 aa
985 1448 1027 1516 ll.)

331 1591 377 1666 Si,
400 1588 538 1664 Quirites,
554 1605 659 1670 pamm
675 1589 904 1664 existumaretis,
924 1574 997 1668 ¹quid
1014 1588 1153 1650 interius
1169 1607 1188 1648 a
1202 1584 1308 1647 maiori-

244 1675 300 1738 bus
314 1675 451 1738 relictum
464 1674 547 1737 vohis
562 1683 591 1736 et
604 1675 662 1736 hoc
683 1692 699 1734 a
721 1673 801 1736 Sulla
821 1682 957 1755 paratum
977 1674 1130 1736 servitium
1149 1673 1308 1743 interesset,

243 1761 343 1824 multis
357 1761 429 1823 mihi
444 1760 652 1823 disserundum
673 1759 744 1834 luit,
766 1759 966 1839 docendique,
988 1777 1061 1840 quas
1084 1757 1122 1821 ob
1143 1757 1269 1820 iniurias
1286 1762 1307 1815 et

244 1847 383 1926 quotiens
397 1865 414 1906 a
427 1845 562 1925 patribus
577 1853 687 1905 armata
701 1843 804 1924 plebes
818 1844 987 1907 secessisset
1001 1845 1104 1924 utique
1118 1843 1253 1905 vindices
1266 1858 1308 1920 pa·

207 1939 222 1990 2
241 1931 364 1994 ravisset
379 1930 475 1994 omnis
489 1930 562 1992 iuris
576 1930 621 1992 sul
636 1929 892 2008 tribunusplebis.
922 1929 1009 1991 Nunc
1029 1929 1142 1990 hortari
1163 1929 1256 1990 modo
1268 1943 1307 1985 re

242 2016 357 2096 liquum
372 2024 416 2080 est
430 2024 460 2078 et
474 2015 517 2076 ire
531 2015 662 2096 primum
676 2015 736 2089 via,
752 2033 811 2095 qua
826 2015 1040 2094 capessundam
1054 2013 1185 2076 arbitror
1199 2013 1306 2075 liberta·

204 2111 219 2162 3
240 2109 309 2162 tem.
335 2101 439 2181 Neque
450 2119 497 2162 me
507 2100 657 2180 praeterit,
670 2107 795 2178 quantas
806 2119 878 2180 opes
891 2099 1051 2162 nobilitatis
1063 2099 1152 2174 solus,
1164 2098 1305 2180 inpotens,

241 2186 325 2247 inani
340 2186 439 2266 specie
453 2185 655 2264 magistratus,
671 2185 782 2264 pellere
794 2185 995 2247 dominatione
1010 2184 1165 2264 incipiam,
1191 2189 1306 2265 quanto

204 2280 220 2332 l
242 2288 300 2349 que
314 2271 407 2332 tutius
422 2270 509 2331 lactio
525 2268 683 2330 noxiorum
699 2277 765 2348 agat
780 2287 868 2348 quam
883 2269 938 2332 soli
953 2270 1144 2332 innocentes:
1160 2271 1217 2332 sed
1232 2282 1305 2350 prae·

241 2363 289 2415 ter
302 2373 386 2434 spem
400 2352 510 2415 bonam
525 2371 561 2414 ex
581 2352 674 2426 vobis,
697 2372 772 2433 quae
792 2364 904 2416 metum
925 2355 1009 2430 vicit,
1032 2356 1122 2417 statui
1142 2349 1305 2417 certaminis

240 2438 364 2501 advorsa
377 2457 433 2519 pro
448 2437 582 2500 libertate
598 2439 712 2519 potiora
732 2457 797 2501 esse
818 2440 888 2501 lorti
909 2441 972 2501 viro
994 2459 1082 2519 quam
1104 2439 1232 2502 omnino
1252 2452 1305 2498 nou

239 2524 405 2586 certavisse.
435 2524 620 2603 Quamquam
635 2543 739 2586 omnes
750 2523 799 2586 alii
810 2525 900 2586 creati
911 2543 967 2605 pro
979 2525 1043 2586 iure
1054 2534 1153 2587 vostro
1164 2526 1226 2586 vim
1241 2540 1305 2584 cun·

239 2619 316 2671 ctam
332 2617 362 2672 et
375 2609 497 2690 imperia
513 2628 566 2672 sua
580 2610 674 2689 gratia
688 2618 738 2672 aut
752 2628 805 2691 spe
817 2618 867 2671 aut
877 2610 1017 2691 praemiis
1028 2611 1059 2671 in
1071 2629 1123 2673 vos
1134 2616 1304 2674 convortere

237 2695 403 2775 meliusque
418 2694 529 2758 habent
542 2697 678 2758 mercede
693 2694 867 2774 delinquere
882 2713 970 2774 quam
990 2695 1080 2776 gratis
1102 2709 1185 2763 recte
1207 2697 1303 2756 lacere.

273 2882 295 2932 1.
319 2880 505 2931 disserundum
528 2877 593 2940 fuit:
619 2878 665 2930 das
688 2877 748 2930 Per·
831 2878 929 2941 factio:
948 2881 983 2931 im
1001 2878 1159 2947 Gegeusatze
1176 2872 1242 2929 selle
1259 2864 1302 2932 ⁸⁷8¹·

235 2947 342 3010 solitum,
360 2947 420 3000 weil
434 2946 478 2999 der
490 2946 553 2999 Sinn
569 2946 603 2997 ist
613 2942 666 2997 ‘ich
676 2945 747 2998 hatte
797 2962 830 2999 zu
847 2946 899 3014 lug.
918 2950 960 3013 lt,
973 2951 1002 3008 ὃς
1021 2950 1116 3013 85,10.

235 3015 336 3080 vorher,
353 3015 400 3068 eho
411 3015 453 3067 ich
465 3029 510 3066 aur
520 3013 683 3080 Ermohnung
695 3013 747 3065 und
830 3018 854 3068 4.
868 3020 980 3082 praeter
995 3031 1067 3082 meru
1079 3019 1141 3070 etc:
1152 3019 1303 3084 -praeter·

235 3098 280 3135 zur
303 3081 370 3135 ‘l'het
394 3085 424 3148 (s.
447 3082 464 3162 g
484 3083 509 3146 2)
533 3080 604 3133 hitto
626 3080 746 3134 kommen
796 3098 877 3149 quam
899 3085 972 3150 quod
992 3099 1050 3150 epea
1076 3086 1146 3136 doceo
1175 3101 1213 3137 osc
1237 3085 1302 3136 oolla

234 3149 346 3234 hequen,
365 3153 417 3202 erst
434 3149 488 3202 dues
506 3148 570 3200 alles
587 3163 666 3215 sapen
677 3154 746 3202 mus·
795 3155 895 3234 metum
906 3154 981 3213 uictu
994 3151 1046 3219 vgl.
1056 3151 1111 3207 Get.
1120 3155 1161 3216 47,
1174 3155 1301 3220 epraeter

234 3233 442 3366 seldiscendique:
461 3299 545 3368 suppl.
563 3299 663 3362 fuistis.
794 3219 985 3339 hagam
1013 3286 1142 3340 mma:
1172 3303 1230 3340 Μ
1259 3285 1300 3339 Gi·

262 3386 353 3453 plebes
369 3388 526 3438 secessisset:
545 3400 566 3438 s.
584 3402 615 3438 zu
632 3385 685 3452 lug.
703 3389 744 3446 31,
795 3353 1186 3490 ᾱᾶἓέθὲαέξέᾇαῖῗιᾘᾈῖἓὰ
1203 3424 1300 3476 ΖΜ,

235 3457 280 3590 ΗΞ
298 3451 464 3588 [Xuxp'vffi
795 3492 922 3559 menharig
938 3493 986 3543 mit
1002 3491 1060 3544 dem
1074 3465 1298 3560 Verbergehenden

282 3578 310 3620 ·‚
385 3575 391 3587 ·
427 3536 700 3620 3¹·211108·¹,4›²4·
793 3559 828 3612 ist
844 3555 1070 3626 ‘puderslreilicu
1088 3560 1188 3625 alsielr,
1205 3557 1299 3612 deuken

262 3605 666 3687 peloponnensiacum,
684 3622 744 3688 ιιι·
793 3627 834 3680 ue
847 3627 959 3694 megel
977 3628 1035 3691 ou,
1053 3626 1235 3681 utershusen
1252 3621 1297 3677 ula

230 3674 290 3727 doru
315 3677 362 3724 nul
384 3687 466 3725 omem
483 3689 523 3754 rm·
536 3673 673 3727 Gedenlron
695 3675 741 3729 lre-
793 3695 887 3748 andem
905 3694 1066 3763 Magqsmqe3
1090 3697 1128 3749 spe
1151 3696 1234 3749 pube„
1251 3692 1298 3744 ,pp

230 3741 330 3809 ssefldffl
347 3757 389 3792 ’Μ
405 3756 437 3792 ²¹¹
454 3741 602 3795 Vffbffldffl·
790 3763 863 3816 selbo
874 3762 968 3817 Ptlicht
986 3779 1046 3816 ouer
1057 3763 1139 3818 Recht
1156 3781 1187 3816 au
1199 3762 1295 3814 wahren

263 3830 286 3881 3.
316 3829 504 3892 magistratio:
530 3825 684 3879 Nominutiv.
705 3858 740 3868 -
790 3832 887 3895 (creati
899 3848 953 3898 pro
971 3835 1032 3883 iore
1048 3834 1164 3899 vocuo),
1187 3831 1247 3883 aber
1263 3829 1295 3881 sie

227 3893 327 3962 Wegen
349 3897 429 3947 taoni
452 3897 538 3961 specte
559 3896 612 3963 vgl.
637 3895 678 3951 die
706 3912 739 3949 zu
789 3899 852 3951 thun
871 3899 916 3952 das
929 3895 1077 3967 degenteil?
1097 3929 1131 3938 -
1147 3916 1196 3952 eaeo
1210 3897 1295 3966 gehdrt

228 3962 281 4014 Cat.
305 3965 351 4028 38,
372 3966 383 4017 1
404 3961 487 4029 angel.
506 3962 586 4017 Stelle
609 3962 655 4018 des
671 3965 738 4018 Vell.
789 3983 821 4018 au
838 3970 892 4018 olm
910 3973 1034 4020 cunctam
1050 3983 1076 4022 u.
1094 3984 1126 4022 au
1143 3969 1261 4035 imperia.
