2776 4574
385 259 427 313 DE
445 260 529 314 (1οΝ1.
546 259 648 316 carte
683 262 710 315 G.
729 265 837 317 39—41.
1104 263 1146 324 59

76 443 181 496 natura
196 451 270 512 gens
285 432 394 496 Gallica
409 432 550 494 bellicosa
564 443 657 509 esset,
677 433 763 496 facile
785 453 836 496 eos
856 434 892 495 ad
913 434 969 496 tale
992 432 1148 496 consilium

75 518 181 581 adduci
195 537 292 599 posse.
323 518 503 594 Umbrenus,
520 519 599 596 quod
613 518 645 579 in
661 518 753 580 Gallia
768 520 934 599 negotiatus
955 528 1026 594 erat,
1043 519 1149 600 pleris-
1172 533 1186 584 2

75 624 134 684 que
149 603 336 684 principibus
352 604 513 667 civitatium
529 611 617 665 notus
631 614 694 666 erat
715 613 803 684 atque
818 622 870 666 eos
892 613 1028 680 noverat;
1049 605 1149 684 itaque

73 691 138 752 sine
153 707 252 763 mora,
275 689 327 750 ubi
349 689 479 770 primum
493 688 605 768 legatos
626 689 657 750 in
679 690 744 750 foro
764 690 933 769 conspexit,
956 697 1150 769 percontatus

74 775 221 856 paneade
236 783 313 838 statu
329 775 451 836 civitatis
466 783 496 836 et
510 774 593 853 quasi
609 774 714 836 dolens
728 775 792 836 eius
803 793 904 838 casum
914 775 1068 854 requirere
1080 792 1149 835 coe·

73 860 133 941 pit,
157 877 245 940 quem
268 859 380 921 exitum
394 859 483 921 tantis
503 859 587 921 malis
609 868 774 940 sperarent.
811 860 971 939 Postquam
993 859 1059 922 illos
1073 859 1186 922 uidet:

74 945 161 1024 queri
176 946 212 1007 de
228 945 345 1008 avaritia
365 945 603 1024 magistratuum,
626 963 766 1007 accusare
788 954 940 1021 senatum,
964 944 1044 1024 quod
1065 944 1096 1005 in
1113 961 1147 1005 eo

74 1030 165 1091 auxili
181 1030 254 1091 nihil
269 1039 355 1104 esset,
376 1029 500 1093 miseriis
519 1029 579 1092 suis
594 1031 756 1092 remedium
772 1039 898 1092 mortem
914 1037 1093 1110 exspectare,
1107 1021 1149 1090 ‘at

73 1106 145 1194 ego'
164 1115 260 1194 inquit
272 1107 382 1189 ‘vobis,
404 1115 532 1177 simodo
555 1115 609 1176 viri
623 1134 688 1177 esse
704 1115 803 1191 voltis,
826 1116 971 1178 rationem
986 1115 1148 1188 ostendam,

73 1217 134 1279 qua
155 1208 237 1261 tanta
258 1200 313 1262 ista
334 1200 410 1262 mala
432 1194 595 1280 effugiatis?
634 1201 714 1262 llaec
735 1200 788 1263 ubi
809 1201 896 1275 dixit,
923 1200 1096 1278 Allobroges
1117 1199 1149 1260 in
1171 1211 1186 1262 t

71 1304 241 1346 maxumam
262 1303 347 1365 spem
367 1285 486 1347 adducti
503 1285 686 1348 Umbrenum
709 1304 795 1348 orare
817 1295 851 1348 ut
872 1286 917 1348 sui
940 1285 1146 1348 misereretur:

73 1370 148 1432 nihil
163 1379 223 1432 tam
237 1388 376 1449 asperum
390 1388 488 1450 neque
510 1378 570 1432 tam
591 1370 711 1433 difficile
733 1389 812 1446 esse,
839 1371 919 1450 quod
940 1390 1002 1432 non
1018 1370 1148 1450 cupidis·

72 1473 156 1517 sume
171 1455 277 1516 tacturi
292 1464 406 1530 essent,
428 1456 498 1517 dum
521 1474 556 1518 ea
576 1474 624 1518 res
647 1457 792 1518 civitatem
806 1475 874 1518 aere
889 1456 986 1519 alieno
1001 1456 1148 1517 liberaret.

73 1540 125 1602 llle
137 1559 189 1602 eos
204 1540 235 1602 in
251 1539 373 1602 demum
387 1541 422 1602 b.
437 1541 522 1603 Bruti
541 1541 691 1622 perducit,
717 1542 796 1621 quod
818 1542 884 1602 loro
905 1541 1074 1622 propinqua
1088 1549 1151 1602 erat
1171 1551 1186 1602 ὅ

74 1644 173 1705 neque
188 1626 285 1687 aliena
304 1626 410 1689 consili
430 1634 554 1706 propter
569 1626 791 1706 Semproniam:
814 1645 881 1687 nam
901 1635 965 1688 tum
986 1626 1096 1688 Brutus
1111 1625 1147 1686 ab

74 1710 169 1772 Roma
183 1711 292 1772 aberat.
323 1711 479 1772 Praeterea
491 1710 647 1772 Gabinium
661 1712 792 1786 arcessit,
808 1729 867 1790 quo
883 1711 978 1772 maior
991 1711 1149 1772 auctoritas
1171 1723 1187 1773 6

73 1796 205 1858 sermoni
226 1796 346 1858 inesset.
383 1795 427 1856 llo
449 1805 606 1874 praesente
625 1795 862 1858 coniurationem
884 1795 993 1875 aperit,
1016 1794 1150 1856 nominat

74 1882 188 1956 socios,
210 1890 364 1959 praeterea
378 1880 488 1942 multos
503 1880 646 1959 cuiusque
661 1880 782 1961 generis
796 1881 950 1955 innoxios,
973 1899 1032 1959 quo
1047 1879 1149 1959 legatis

75 1966 192 2028 animus
207 1965 334 2045 amplior
349 1975 442 2042 esset3
458 1965 566 2026 deinde
582 1984 633 2028 eos
644 1966 790 2045 pollicitos
803 1984 923 2045 operam
934 1983 1017 2026 suam
1029 1964 1149 2025 doraum

74 2051 202 2112 dimittit.
233 2050 293 2112 Sed
306 2051 481 2132 Allobroges
497 2049 547 2113 diu
558 2050 589 2112 in
602 2050 716 2113 incerto
731 2051 871 2125 habuere,
886 2051 1028 2131 quidnam
1043 2049 1148 2112 consili
1165 2054 1200 2110 41

75 2145 231 2216 caperent:
247 2135 279 2197 in
295 2136 385 2198 altera
399 2145 483 2217 parte
498 2144 562 2197 erat
576 2154 625 2198 aes
640 2137 778 2212 alienum,
794 2136 924 2198 studium
940 2135 1025 2212 belli,
1042 2153 1149 2214 magna
1171 2145 1185 2196 2

73 2240 188 2283 merces
204 2221 235 2282 in
251 2241 303 2303 spe
318 2223 474 2298 victoriae;
490 2229 519 2284 at
533 2221 565 2282 in
581 2221 671 2284 altera
686 2222 813 2285 maiores
828 2240 915 2302 opes,
938 2229 1001 2282 tuta
1016 2220 1147 2294 consilia,

76 2325 130 2384 pro
151 2307 265 2368 ineerta
287 2326 340 2388 spe
361 2316 441 2370 certa
457 2307 596 2388 praemia.
640 2307 719 2369 llaec
734 2307 791 2370 illis
809 2306 1008 2381 volventibus,
1030 2307 1150 2368 tandem
1172 2314 1186 2364 3

107 2495 130 2546 2
151 2495 234 2545 tantr'r
249 2494 340 2544 math:
358 2493 418 2545 eber
435 2493 515 2546 absol.
528 2493 587 2549 hbl.
671 2509 746 2545 nam:
765 2509 797 2546 ιιι
815 2496 857 2557 58,
874 2495 915 2546 20.

75 2561 125 2612 wie
150 2562 195 2624 ³9,
219 2563 247 2622 3,
271 2560 310 2612 als
332 2559 419 2621 Datim
447 2559 515 2612 dann
539 2562 586 2613 mit
672 2563 695 2614 6.
714 2576 823 2627 operum
840 2576 929 2612 mum:
948 2560 1092 2612 manhatte
1111 2559 1149 2612 sie

72 2630 190 2679 miseni:
206 2630 263 2678 suis
281 2628 297 2692 ὅ
316 2630 330 2680 3
349 2642 381 2678 ιιι
399 2627 569 2693 vergleichen.
637 2627 812 2679 vornehmlich
835 2627 898 2680 dazu
927 2627 1101 2693 autgelordert
1122 2629 1149 2678 lu

109 2697 132 2747 3.
151 2696 265 2746 misertis
280 2697 347 2746 mie:
366 2693 442 2746 Dativ
459 2695 587 2762 abhingig
638 2695 705 2746 ihrer
717 2694 817 2746 lleimat
829 2693 904 2745 einen
916 2695 1043 2746 Aulstand
1061 2711 1093 2747 ιιι
1111 2711 1150 2747 er-

73 2777 126 2816 von
153 2762 212 2814 dem
235 2762 417 2815 verbundenen
441 2764 587 2816 remedium
637 2777 715 2828 regen
738 2762 789 2814 und
806 2760 918 2814 Reiterei
942 2777 972 2814 zu
992 2762 1064 2814 Catil.
1083 2763 1149 2814 nach

74 2834 235 2896 enepectore.
270 2829 323 2885 liv.
337 2833 360 2896 3,
373 2833 388 2883 3
401 2831 432 2881 id
441 2832 587 2884 reroediom
637 2829 727 2884 Italian
745 2846 777 2882 zu
795 2827 924 2882 sohicken.

74 2901 171 2978 umori
189 2898 253 2961 suit·
292 2898 320 2951 ln
346 2903 501 2978 william
523 2899 586 2966 1ῑοΘῖ
671 2914 715 2970 41.
735 2919 756 2968 1.
778 2917 808 2966 in
831 2917 934 2966 incerto
953 2917 1081 2966 hatum:
1100 2915 1149 2967 wie

75 2967 135 3018 aber
148 2967 189 3020 dte
202 2967 323 3020 hussicht
341 2967 386 3019 aul
396 2983 438 3020 ern
450 2965 584 3033 kr'tnltiges
637 2982 690 3050 lug.
704 2986 745 3050 56,
756 2985 784 3044 g3
798 2985 838 3048 gg,
849 2987 877 3044 53
890 2969 1031 3036 ,ihnliches
1043 2983 1098 3035 flag,
1108 2986 1149 3048 51,

75 3051 135 3087 ⁶⁸⁸⁰·
639 3055 670 3105 12
688 3053 728 3118 (in
746 3053 857 3104 obscuro
875 3053 945 3118 had.)
962 3051 1014 3104 und
1032 3051 1105 3104 oller.

107 3107 274 3170 ⁰³⁶⁸P⁶⁶²a⁷⁶³
298 3102 399 3170 ²¹¹1118·
420 3106 459 3166 ¹52
477 3105 492 3156 2
511 3108 586 3156 ”llll-'¹
671 3122 695 3172 2.
719 3123 835 3172 maiorer
851 3134 924 3186 oper:
943 3119 1001 3172 dem
1018 3137 1062 3172 aee
1085 3120 1151 3171 otie-

75 3177 248 3224 ⁶⁰m⁶⁴m⁷²⁰ffl
636 3205 701 3240 num
735 3188 999 3255 gegenubergestellt;
1035 3188 1149 3241 insolern

108 3259 132 3310 5.
144 3257 178 3308 D.
191 3257 287 3308 Bruti:
306 3259 392 3322 ιιι25,
406 3260 429 3308 1.
458 3255 491 3308 Er
504 3256 586 3308 selbst
636 3257 691 3309 ihre
707 3255 818 3323 Notlage
836 3257 931 3310 ebeneo
951 3261 996 3324 gut
1014 3255 1069 3309 ihre
1082 3255 1149 3308 0hn·

76 3335 128 3375 war
140 3324 210 3378 nicht
221 3325 247 3376 in
260 3323 301 3376 die
311 3323 518 3391 Verschwdrung
529 3339 586 3376 ver·
637 3325 723 3377 maeht
750 3325 929 3386 bezeichnete,
963 3324 1082 3376 wahrend
1108 3325 1149 3377 die

76 3391 188 3445 wickelt.
638 3392 1149 3460 Regiernngubergrolserelldllsmittel

108 3476 192 3528 neque
210 3460 312 3512 alieno:
331 3457 422 3513 dudelrt
438 3459 484 3512 das
503 3459 587 3512 Nahe·
638 3461 725 3528 gebot.

76 3524 192 3594 liegende
216 3528 260 3581 der
283 3526 359 3581 Wahl
383 3528 467 3580 dieses
488 3527 587 3580 llnuses
673 3533 732 3580 tuto
755 3528 880 3580 coneilio:
908 3527 949 3581 die
971 3527 1034 3582 Bed.
1058 3528 1149 3582 etbellt

77 3592 102 3644 in
122 3595 209 3661 Beaug
232 3595 277 3648 aul
299 3595 344 3648 das
368 3597 510 3648 coeuntium
533 3611 587 3662 aus,
639 3612 684 3650 aus
702 3596 761 3649 dem
774 3594 1062 3662 Gegeusatzestudz'um
1079 3598 1149 3662 belli,

78 3662 126 3714 uie
150 3665 191 3717 die
218 3663 406 3717 vorstehenden
430 3663 519 3716 Worte
546 3663 586 3716 die
638 3664 704 3717 dazu
721 3665 773 3730 vgl.
787 3664 840 3716 Liv.
855 3665 896 3730 22,
914 3666 956 3727 32,
976 3666 1019 3717 18:
1037 3681 1150 3731 appare-

79 3730 215 3785 rennliche
232 3731 312 3784 Nttre.
348 3730 382 3784 So
405 3732 439 3785 ist
462 3747 490 3786 es
507 3747 588 3798 unge·
638 3735 685 3785 but
701 3737 762 3784 tuta
786 3731 915 3784 celeribus
939 3732 1057 3784 connais
1069 3749 1150 3799 prac-

78 3795 132 3850 sehr
143 3800 225 3856 soviel
239 3801 288 3852 wie
306 3804 464 3866 opportuna.
482 3827 515 3840 -
532 3799 587 3851 llen
636 3805 789 3868 positorum
806 3799 857 3852 und
875 3800 958 3852 Amm.
975 3799 1052 3853 blare.
1071 3803 1111 3862 26,
1124 3803 1149 3863 4,

79 3862 185 3922 Genetiv
197 3868 242 3920 hat
254 3867 316 3920 Sall.
334 3883 381 3920 nur
399 3867 453 3920 hier
463 3869 510 3920 mit
523 3869 587 3920 alie·
641 3873 668 3922 l:
693 3874 752 3920 tuta
775 3869 888 3920 coneilio
912 3885 991 3934 quam
1016 3871 1069 3920 riti
1089 3866 1150 3934 pla·

78 3945 127 3984 oue
143 3936 299 3991 verbunden.
638 3940 725 3988 centia
742 3942 889 3989 secuturus.
