2738 4576
313 278 354 332 DE
372 277 646 333 putaueram.
681 280 708 332 (l.
726 269 836 334 tt-td.
1054 277 1115 339 125

123 453 248 516 Interim
264 453 442 536 Calpurnius
463 461 566 536 parato
582 453 714 516 exercitu
727 453 810 534 'legat
831 454 888 518 sibi
909 453 1045 520 homines
1061 478 1116 521 no·
1138 466 1154 517 t

24 541 105 604 bilis
122 539 281 616 factiosos,
304 557 430 619 quorum
446 539 619 602 auctoritate
635 558 710 618 quae
731 539 903 618 deliquisset
917 542 1031 604 munita
1052 546 1116 606 fore

26 625 193 708 sperabat;
215 625 329 705 inquis
350 625 407 687 fuit
421 626 566 698 Scaurus,
589 624 674 686 euius
688 625 724 686 de
741 631 846 686 natura
868 634 898 688 et
911 626 1013 689 babitu
1028 646 1119 710 supra

25 711 277 774 memoravimus.
307 711 382 772 Nam
399 710 429 773 in
445 710 568 772 consule
583 717 686 772 nostro
701 709 810 772 multae
824 710 980 791 bonaeque
996 721 1074 776 artes
1089 723 1118 776 et
1139 723 1154 772 a

26 797 132 860 animi
151 804 182 857 et
197 796 331 876 corporis
345 804 446 870 erant,
464 813 536 875 quas
558 793 655 857 omnis
678 795 796 857 avaritia
817 796 1041 876 praepediebat:
1063 817 1117 878 pa·

27 884 119 944 tiens
133 880 285 957 laborum,
299 881 361 942 acri
375 880 512 960 ingenio,
527 881 597 943 satis
612 879 785 960 providens,
808 879 877 942 belli
892 882 970 944 baud
986 883 1117 962 ignarus,

29 967 238 1030 firmissumus
253 974 359 1028 eontra
374 965 504 1046 pericula
520 975 549 1028 et
564 965 694 1028 insidias.
726 966 783 1028 Sed
798 966 931 1046 legiones
941 985 995 1046 per
1006 968 1118 1030 ltaliam
1140 979 1156 1030 a

28 1053 167 1133 Regium
183 1059 272 1130 atque
282 1051 353 1114 inde
365 1051 504 1127 Siciliam,
521 1069 612 1132 porro
632 1069 667 1112 ex
679 1050 775 1112 Sieilia
791 1051 821 1112 in
838 1052 966 1113 dlricam
984 1061 1118 1116 transve-

29 1148 113 1201 ctae.
145 1136 240 1216 Igitur
254 1137 430 1216 Calpurnius
444 1137 529 1198 initio
543 1137 652 1218 paratis
667 1136 879 1200 commeatibus
894 1137 1003 1201 acriter
1016 1140 1120 1202 Numi·
1142 1150 1157 1200 t

31 1214 119 1286 diam
135 1222 288 1300 ingressus
304 1229 348 1283 est
362 1222 531 1303 multosque
542 1221 675 1284 mortalis
690 1230 719 1283 et
737 1221 820 1282 urbis
834 1223 946 1301 aliquot
956 1226 1118 1304 pugnando
1284 1273 1291 1325 ἰ
1314 1279 1317 1286 .

30 1308 130 1390 cepit.
161 1306 219 1370 Sed
235 1307 285 1369 ubi
300 1307 444 1387 iugurtha
458 1325 511 1387 per
525 1306 637 1387 legatos
651 1302 801 1387 pecuniali
817 1316 962 1388 temptare
977 1309 1115 1390 bellique,
1133 1312 1173 1370 2⁹
1213 1302 1288 1392 ⁴⁹3
1307 1329 1320 1375 a

34 1393 124 1475 quod
140 1391 371 1468 administrabat,
387 1393 573 1473 asperitatem
590 1392 748 1456 ostendere
761 1385 878 1472 bdepit,
894 1393 1010 1457 animus
1032 1413 1120 1476 aeger

32 1478 162 1541 avaritia
176 1477 261 1540 facile
275 1495 439 1540 convorsus
454 1486 507 1541 est.
537 1477 674 1540 Ceterum
696 1477 795 1540 socius
811 1487 840 1540 et
861 1478 1035 1542 administer
1057 1499 1120 1542 om·
1142 1489 1157 1540 2

33 1566 128 1627 nium
149 1563 340 1626 consiliorum
363 1563 528 1625 adsumitur
549 1563 693 1637 Scaurus;
715 1562 766 1641 qui
787 1564 903 1626 tametsi
925 1583 940 1625 a
962 1565 1119 1646 principio,

33 1648 196 1731 plerisque
219 1667 255 1710 ex
276 1649 407 1711 laetione
428 1649 492 1710 eius
505 1648 670 1732 corruptis,
686 1665 841 1708 acerrume
855 1666 955 1727 regem
971 1650 1120 1730 inpugna·
1199 1714 1202 1722 ,

33 1744 136 1809 verat,
152 1742 250 1796 tamen
266 1733 469 1812 magnitudine
480 1733 638 1878 pecunisspla
653 1730 734 1793 bono
750 1733 935 1812 honestoque
950 1734 981 1794 in
997 1752 1121 1814 pravum
1194 1807 1199 1822 Ι
1224 1771 1227 1778 -

33 1821 212 1883 abstractus
226 1826 279 1880 est.
309 1818 366 1880 Sed
382 1818 523 1897 iugurtha
546 1818 593 1898 pri
625 1836 642 1879 o
665 1825 782 1878 mutum
804 1818 891 1879 modo
914 1817 985 1880 belli
1007 1830 1156 1881 morama

34 1903 222 1980 redimebat,
253 1903 435 1966 existumans
457 1921 522 1965 sese
543 1902 651 1982 aliquid
678 1901 798 1963 interim
819 1903 929 1965 Romae
952 1905 1048 1984 pretio
1071 1912 1122 1968 aut

34 1990 138 2073 gratia
153 1989 344 2065 effecturum3
359 1995 461 2070 postea
476 2007 546 2051 vero
566 2005 654 2068 quam
668 1987 844 2068 participem
858 1989 960 2069 negoti
976 1989 1121 2051 Scaurum

34 2074 176 2154 aceepit,
191 2075 221 2136 in
238 2093 405 2138 maxumam
419 2093 502 2155 spem
523 2073 667 2136 adductus
680 2073 902 2152 recuperandae
916 2074 1006 2156 pacis,
1021 2073 1123 2136 statuit

35 2179 114 2224 cum
129 2159 172 2221 eis
187 2160 222 2221 de
245 2159 383 2222 omnibus
405 2159 593 2240 pactionibus
615 2177 757 2238 praesens
779 2176 875 2237 agere.
914 2159 1052 2222 Ceterum
1073 2159 1158 2222 ιιι-4

34 2258 127 2310 terea
140 2245 209 2306 fidei
224 2263 311 2308 causa
325 2246 453 2308 mittitur
467 2263 484 2306 a
500 2243 622 2308 consule
637 2243 754 2306 Sextius
770 2254 909 2324 quaestor
931 2245 962 2306 in
979 2245 1121 2326 oppidum

35 2330 206 2410 Iugurthae
220 2331 330 2408 Vagam
336 2349 345 2408 ;
361 2331 446 2394 cuius
457 2331 500 2392 rei
523 2331 637 2411 species
649 2338 711 2391 erat
726 2330 859 2410 acceptio
874 2331 1026 2407 frumenti,
1042 2331 1121 2410 quod

35 2466 135 2519 Etwas
145 2462 313 2516 verschieden
325 2464 360 2515 ist
372 2465 437 2528 96,1
452 2467 481 2514 tn
489 2479 559 2529 paa-
611 2462 729 2527 wihnen,
745 2477 788 2515 nm
801 2461 879 2516 daran
892 2462 933 2517 die
945 2464 1053 2530 anlaoge
1065 2464 1123 2518 ebr-

36 2539 81 2588 ots
108 2531 307 2597 tempestatibus
328 2524 471 2584 ‘innerbalb
493 2531 518 2584 d.
540 2531 557 2583 i.
609 2529 893 2597 liebellriegsidbruug
905 2532 1042 2586 desselben
1054 2532 1081 2600 (5
1097 2537 1123 2598 t)

38 2604 84 2656 im
104 2597 246 2652 Verlaul
261 2597 353 2650 luraer
370 2592 442 2651 Zeit‘.
611 2613 644 2650 zu
661 2597 714 2650 lind
734 2598 791 2663 len,
814 2598 866 2651 und
888 2604 955 2652 setat
976 2599 1056 2653 daher
1073 2599 1123 2653 deu

75 2672 106 2724 4.
130 2666 205 2750 legat
219 2667 282 2717 sibi:
299 2660 338 2717 ‘or
355 2665 437 2718 wtttt
457 2666 512 2718 sicli
527 2679 560 2718 au
611 2612 928 2746 Verbimfungsgedaplten
940 2671 1124 2734 accettprae-
1143 2718 1147 2725 ,

39 2737 178 2804 Legaten.
608 2735 670 2800 ped
690 2735 750 2786 bon.
766 2736 836 2784 artts
857 2748 884 2785 ιιι
901 2732 951 2786 den
969 2734 1123 2800 Nebensata,

78 2805 188 2857 babitu:
211 2800 362 2854 bezeichnet
383 2799 429 2852 das
446 2805 562 2867 geeamte
613 2801 680 2854 ohne
692 2801 759 2854 doch
770 2800 811 2854 die
821 2799 895 2854 rone
905 2801 949 2855 der
958 2801 1124 2869 Verbindung

39 2871 188 2926 Verbalten
206 2868 251 2922 des
269 2867 422 2933 Menoeten,
446 2872 561 2922 nement-
611 2885 643 2922 ιιι
662 2869 766 2922 andern.

39 2941 99 2994 lieb
121 2939 188 2991 anch
204 2937 251 2991 das
267 2937 379 3002 iussere,
401 2937 516 2990 insolam
532 2949 561 2988 es
646 2941 670 2992 6.
689 2938 823 2990 Siciliam:
847 2938 897 2990 wie
915 2937 957 2991 ein
974 2935 1124 2990 Stadtname

40 3008 123 3062 nicht
140 3005 282 3060 ostdrlicbe
294 3005 371 3070 Gabe,
390 3004 499 3059 sondem
517 3019 561 3058 an·
612 3006 761 3072 bebandelt,
786 3019 878 3074 uegen
895 3005 941 3066 des
959 3005 1042 3058 nabeo
1059 3004 1124 3058 Von

40 3074 170 3145 geeignet
187 3075 233 3136 ist;
251 3074 303 3128 (lic.
316 3073 348 3127 de
359 3075 411 3128 inv.
432 3079 454 3138 1,
473 3075 515 3140 at,
527 3076 561 3126 35
611 3074 756 3142 bergebens
779 3089 831 3128 von
848 3074 975 3140 llegtam:
1001 3090 1030 3127 so
1049 3076 1090 3141 33,
1107 3077 1125 3128 4

43 3160 118 3212 quae
143 3144 279 3195 industria
306 3159 363 3195 eam
382 3147 499 3195 arantur
526 3142 563 3194 ad
612 3143 808 3209 Numidiaeque
825 3141 896 3196 dicht
913 3143 978 3196 nach
996 3141 1101 3196 Romae.

43 3215 169 3266 habitum
184 3215 328 3279 pertineat
360 3159 422 3264 filet
443 3210 498 3264 also
516 3211 562 3264 be·
646 3209 928 3267 aa.1.soaoatetc.:
946 3211 991 3264 der
1003 3211 1124 3264 (ledanke

43 3278 157 3334 sonders
175 3279 221 3332 aul
236 3278 278 3333 die
295 3278 384 3332 Warte
406 3280 450 3332 der
467 3279 562 3346 obigen
613 3278 660 3331 des
670 3279 804 3334 Etaiblars
816 3279 934 3331 vernellt
950 3278 1125 3332 iortwibrend

44 3346 423 3415 spatiosarumque&
439 3363 490 3400 aaa
507 3348 561 3399 eal·
613 3347 657 3400 bei
683 3347 846 3415 Calpurnium
876 3346 956 3400 daber
980 3348 1016 3399 ist
1041 3347 1126 3412 dieser

46 3418 104 3469 lide
121 3416 258 3468 oecaltmu
278 3414 443 3470 hindeutend.
462 3443 493 3454 -
512 3415 563 3468 lias
614 3414 851 3481 wederalsdbjelat
859 3414 902 3468 bei
911 3419 1048 3482 ternptare,
1058 3415 1125 3469 noch

45 3485 125 3538 Wort
143 3485 249 3535 babitm
265 3483 347 3537 findet
364 3484 419 3536 sich
439 3481 564 3540 beiSall.
614 3483 653 3536 als
668 3483 780 3549 Subjelrt
796 3483 838 3536 bei
856 3483 1065 3536 administrabat
1081 3485 1126 3536 be-

47 3569 97 3612 nur
121 3551 178 3604 bier
199 3551 251 3604 und
273 3551 373 3617 llragm.
395 3554 447 3606 inc.
468 3555 502 3605 46
519 3551 562 3607 llr.
614 3550 721 3605 sonders
737 3551 901 3619 angadeutet.

47 3619 119 3674 dila.
137 3619 169 3671 Δ.
649 3623 780 3674 avaritia:
798 3620 889 3687 genart
906 3636 937 3673 au
956 3635 1045 3687 aeger.

84 3693 109 3742 5.
127 3703 191 3740 aaut
209 3691 270 3740 etc:
293 3685 338 3739 der
355 3685 419 3739 Sion
436 3688 482 3740 ist:
500 3703 563 3740 aaut
650 3691 674 3742 3.
691 3688 850 3740 redimebat:
867 3683 968 3742 ‘sucbte
984 3705 1017 3742 an
1035 3688 1126 3743 erkan-

48 3773 119 3824 qaae
131 3759 217 3809 bonae
228 3760 300 3806 artes
317 3760 395 3808 aaut
406 3758 435 3806 t'a
448 3757 563 3820 coma,
615 3753 675 3818 len';
692 3757 746 3824 vgl.
764 3759 805 3823 bl,
827 3761 837 3810 l
856 3758 997 3812 laniabant.

49 3841 95 3878 aas
119 3826 206 3876 omnia
228 3825 346 3876 auaritia
365 3824 563 3890 praepediebat.
648 3828 673 3880 4.
701 3824 766 3887 fidei
789 3841 884 3878 caasa:
906 3821 962 3879 ‘aar
987 3825 1126 3894 Reglaubi-

49 3894 120 3946 aber
145 3891 207 3945 Sall.
226 3890 282 3944 will
303 3889 498 3959 bauptsdcblich
521 3892 562 3946 die
614 3907 666 3959 gun
694 3896 760 3957 ;85‚
779 3896 819 3947 29.

49 3959 342 4029 guteulligeuscbalten
359 3959 405 4013 des
421 3958 507 4014 Bestia
524 3975 563 4014 ern
673 3975 767 4026 wama
799 3961 841 4014 die
868 3961 942 4015 saut
968 3961 1033 4016 biels
1059 3962 1125 4016 auch
